2184 3517
251 114 477 179 95—98]
842 118 1293 168 ΜΕΛΠΟΜΕΝΗ.
1764 123 1859 171 319

336 195 575 269 Δαρεῖος
627 193 687 253 δὲ
740 219 812 257 ως
862 193 1095 255 ἀπίκετο
1149 195 1242 255 καὶ
1283 194 1317 256 ὅ
1358 196 1526 266 πεζὰς
1568 195 1663 273 ἅμ’
1708 195 1855 276 αύτω
1828 201 1948 261 ’97

248 279 496 357 στρατὸς
523 280 616 338 ε’πὶ
640 306 740 340 τον
755 279 1002 390 Ἴστρον,
1032 282 1269 343 ἐνθαῦτα
1295 282 1611 358 διαβάντων
1637 282 1860 344 πάντων

251 371 493 443 Δαρεῖος
521 368 785 427 ἐκέλευσε
808 393 937 431 τους
952 367 1149 433 Ἴωνας
1186 370 1291 444 τήν
1318 370 1550 451 σχεδίην
1576 369 1860 434 λύσαντας

249 455 489 514 ἔπεσθαι
529 454 648 514 κατ’
687 453 918 533 ἤπειρον
961 459 1142 536 ἑωυτῷ
1179 456 1272 515 καὶ
1324 455 1424 516 τὸν
1472 460 1533 515 ἐκ
1572 460 1683 517 τῶν
1723 462 1859 518 νεῶν

200 616 205 617 ⁷
247 542 517 619 στρατόν·
557 543 886 619 μελλόντων,
909 543 968 602 δὲ
988 547 1100 604 τῶν
1126 543 1323 606 Ἰώνων
1350 543 1505 603 λύειν
1532 545 1624 603 καὶ
1650 547 1855 606 ποιέειν

245 630 324 689 τοὶ
365 630 719 706 κελευόμενα,
755 629 922 707 Κώης
958 630 992 691 ὅ
1022 629 1382 708 Ἐρξάνδρου,
1409 632 1725 713 στρατηγὸς
1751 632 1854 693 ε’ὦν

246 719 661 793 Μυτιληναίων,
706 719 862 789 ἔλεξε
905 719 1124 799 Δαρείῳ
1168 718 1316 790 τάδε,
1362 719 1674 796 πυθόμενος
1717 720 1851 797 πρό-

244 829 412 880 τερον
436 805 490 863 εἴ
515 808 570 864 οἱ
594 805 768 880 φίλον
803 806 886 880 εἴη
912 805 1139 885 γνώμην
1164 806 1539 866 ἀποδέκεσθαι
1564 807 1720 882 παρὰ
1750 811 1853 868 τοῦ

243 892 605 968 βουλομένου
645 892 1097 953 ἀποδείκνυσθαι·
1168 892 1263 952 “ὦ
1300 894 1571 969 βασιλεῦ,
1615 896 1707 954 ἐπὶ
1745 900 1855 975 γῆν

243 978 360 1057 γὰρ
425 981 656 1056 μέλλεις
708 980 1115 1058 στρατεύεσθαι
1176 984 1278 1055 τῆς
1331 979 1458 1040 οὔτε
1510 980 1852 1058 ἀρηρομένον

245 1065 566 1141 φανήσεται
605 1066 761 1126 οὐδὲν
802 1065 927 1127 οὔτε
966 1068 1134 1131 πόλις
1172 1069 1475 1144 οἰκεομένη,
1513 1069 1588 1127 σύ
1627 1072 1724 1129 νῦν
1758 1070 1849 1150 γε’·

246 1158 435 1229 φυραν
485 1153 694 1230 ταύτην
733 1156 797 1214 ἔα
839 1154 980 1214 κατά
1031 1153 1219 1234 χώρην
1267 1153 1511 1225 ἑστάναι,
1562 1155 1850 1230 φυλάκους

244 1239 419 1315 αὐτῆς
450 1244 630 1300 λιπῶν
661 1241 888 1306 τούτους
920 1243 982 1302 οἵ
1006 1267 1113 1317 περ
1145 1267 1242 1319 μιν
1275 1241 1511 1313 ἔζευξαν·
1559 1243 1651 1301 καὶ
1682 1243 1752 1319 ἦν
1784 1269 1847 1303 τε

244 1328 392 1387 κατὰ
425 1328 560 1389 νόον
602 1329 897 1408 πρήξωμεν
939 1328 1188 1406 εὖρόντες
1228 1330 1447 1395 Σκύθας
1477 1331 1598 1390 ἔστι
1640 1329 1848 1396 ἄποδος

243 1413 399 1490 ἦμῖν,
439 1415 510 1491 ἦν
548 1441 610 1477 τε
645 1418 740 1476 καὶ
776 1419 858 1494 μή
894 1424 1077 1494 σφεας
1126 1417 1305 1494 εὖρεῖν
1348 1417 1661 1495 δυνεῶμεθα
1703 1418 1741 1493 ἥ
1781 1445 1864 1500 γε,

243 1501 454 1567 ἄποδος
478 1503 615 1579 ἡμῖν
647 1503 935 1581 ἀσφαλής·
978 1504 1042 1565 ού
1078 1505 1190 1585 γὰρ
1218 1504 1403 1565 ἔδεισά
1439 1532 1515 1566 κω
1553 1507 1634 1582 μή
1670 1510 1848 1566 ἕσσω-

243 1591 458 1667 θέωμεν
503 1591 613 1651 ὑπὸ
659 1593 915 1656 Σκυθέων
954 1593 1132 1671 μάχῃ,
1180 1591 1335 1652 ἀλλά
1381 1597 1609 1668 μᾶλλον
1653 1594 1735 1670 μή
1781 1594 1847 1655 ού

242 1676 544 1755 δυνάμενοί
563 1685 749 1754 σφεας
781 1679 958 1756 εὖρεῖν
983 1680 1248 1756 πάθωμέν
1282 1705 1340 1740 τι
1374 1679 1668 1758 ἀλώμενοι.
1752 1683 1845 1741 καὶ

238 1764 377 1824 τάδε
401 1765 589 1846 λέγειν
617 1767 759 1841 φαίη
785 1791 871 1829 τις
906 1765 974 1826 ἅν
998 1790 1072 1842 με
1099 1769 1299 1826 ἑωυτοῦ
1339 1768 1555 1839 εἵνεκεν,
1586 1769 1656 1831 ὦς
1675 1794 1846 1829 κατα·-

190 1886 195 1889 -
238 1853 408 1928 μένω·
451 1852 560 1935 ἐγώ
588 1853 648 1913 δὲ
672 1853 898 1935 γνώμην
922 1856 1025 1930 μὲν
1051 1854 1155 1929 τήν
1182 1852 1700 1933 εὕρισκονάρίστην
1727 1879 1840 1926 σοι,

236 1940 512 2015 βασιλεῦ,
541 1945 595 2005 ἔς
632 1943 813 2016 μέσον
834 1943 1018 2018 ’φέρω-
1068 1940 1235 2024 αὐτὸς
1262 1942 1455 2019 μέντοι
1491 1944 1702 2022 ἕψομαί
1736 1969 1841 2013 τοι,

239 2027 336 2086 καὶ
379 2026 480 2087 ούκ
520 2027 589 2088 ἂν
626 2028 971 2105 λειφθείην.”
1053 2028 1231 2106 κάρτα
1264 2055 1327 2090 τε
1361 2029 1514 2106 ἥσθη
1550 2036 1621 2110 τῇ
1651 2031 1845 2112 γνώμῃ

239 2119 501 2192 Δαρεῖος,
541 2118 638 2177 καί
667 2142 764 2192 μιν
794 2116 1076 2195 ἠμείψατο
1117 2117 1328 2177 τοῖσδε·
1374 2126 1408 2152 “
1425 2118 1568 2186 ξεῖνε
1601 2121 1840 2194 Λέσβιε,

235 2204 520 2268 σωθέντος
552 2209 684 2281 ε’μεΐ
724 2204 907 2265 ὀπίσω
948 2212 1004 2269 ἐς
1043 2205 1198 2265 οἶκον
1235 2204 1334 2265 τὸν
1368 2204 1502 2281 ε’μόν
1541 2207 1851 2284 ἐπιφάνηθί

233 2316 340 2367 μοι
376 2290 611 2361 πάντως,
648 2293 737 2353 ἵνα
768 2318 840 2353 σε
871 2292 994 2354 ἀντὶ
1031 2295 1287 2372 χρηστῆς
1320 2293 1678 2369 συμβουλίης
1708 2321 1844 2373 χρη·

233 2382 439 2438 στοῖσι
466 2380 681 2460 ἔργοισι
713 2380 1084 2458 ἀμείψωμαι.”
1166 2384 1354 2440 Ταῦτα
1390 2382 1547 2444 εἴπας
1579 2383 1671 2440 καὶ
1699 2382 1838 2441 ἀπά-
1860 2386 1937 2445 98

232 2474 354 2543 ψας
379 2465 613 2542 ἅμματα
640 2467 906 2543 ἑξήκοντα
938 2473 998 2529 ἐν
1025 2467 1227 2545 ἱμάντι,
1273 2468 1518 2533 καλέσας
1545 2474 1601 2532 ἐς
1630 2469 1835 2550 λόγους

228 2579 368 2616 τους
409 2552 606 2615 Ἰώνων
638 2554 935 2633 τυράννους
975 2558 1135 2637 ἔλεγε
1173 2555 1323 2615 τάδε·
1366 2566 1402 2592 “
1419 2555 1610 2632 ἄνδρες
1640 2556 1839 2627 Ἴωνες,

226 2666 269 2716 η
297 2644 406 2717 μὲν
433 2642 705 2721 πρότερον
735 2643 930 2725 γνώμη
940 2644 1337 2723 ἀποδεχθεῖσα
1375 2648 1430 2708 ἐς
1454 2645 1559 2733 τήν
1588 2646 1840 2753 γέφυραν

225 2728 517 2804 μετείσθω
546 2756 664 2806 μοι·
708 2733 926 2811 ἔχοντες
963 2733 1022 2792 δὲ
1056 2732 1158 2793 τόν
1194 2730 1396 2808 ἱμάντα
1430 2718 1590 2793 τόνδε
1625 2732 1841 2793 ποιέετε

222 2816 390 2877 τάδε·
472 2818 641 2879 ε’πεάν
692 2844 766 2895 με
816 2820 968 2896 ἴδητε
1020 2820 1269 2899 τάχιστα
1325 2820 1697 2898 πορευόμενον
1750 2821 1841 2880 ἐπὶ

228 2904 476 2975 Σκύθας,
525 2904 639 2966 οἷπὸ
687 2907 887 2967 τούτου
933 2906 1235 2985 ἀρξάμενοι
1281 2912 1382 2967 τοῦ
1428 2907 1633 2986 χρόνου
1678 2909 1841 2968 λύετε

223 2992 398 3070 ἅμμα
428 2994 486 3053 ἓν
513 2993 751 3070 ἑκάστης
785 2994 1014 3072 ἡμέρης·
1056 2996 1126 3071 ἢν
1160 2996 1219 3054 δὲ
1248 3001 1306 3055 ἐν
1336 2996 1513 3074 τούτῳ
1545 3000 1623 3073 τῷ
1657 2996 1840 3075 χρόνῳ

219 3080 313 3156 μή
372 3081 578 3159 παρέω,
632 3081 788 3141 ἀλλά
830 3083 1156 3152 διεξέλθωσι
1198 3083 1327 3159 ύμῖν
1372 3086 1431 3141 αἱ
1481 3082 1686 3158 ἡμέραι
1726 3088 1836 3142 τῶν

222 3167 524 3244 ἀμμάτων,
551 3168 867 3229 ἀποπλέετε
901 3175 956 3232 ἐς
983 3169 1088 3245 τήν
1123 3169 1391 3246 ὑμετέρην
1431 3168 1629 3229 αὐτῶν·
1668 3169 1840 3249 μέχρι

219 3253 290 3313 δὲ
333 3254 552 3328 τούτου,
595 3257 722 3316 ε’πεί
752 3280 816 3316 τε
855 3255 998 3316 οὕτω
1035 3257 1313 3333 μετέδοξε,
1357 3256 1693 3332 φυλάσσετε
1732 3259 1840 3334 τήν
