<?xml version="1.0" encoding="UTF-8"?>
<!DOCTYPE html PUBLIC "-//W3C//DTD XHTML 1.0 Transitional//EN"
    "http://www.w3.org/TR/xhtml1/DTD/xhtml1-transitional.dtd">
<html xmlns="http://www.w3.org/1999/xhtml" xml:lang="en" lang="en">
 <head>
  <title>
</title>
<meta http-equiv="Content-Type" content="text/html;charset=utf-8" />
  <meta name='ocr-system' content='tesseract 3.04.00' />
  <meta name='ocr-capabilities' content='ocr_page ocr_carea ocr_par ocr_line ocrx_word'/>
</head>
<body>
  <div class='ocr_page' id='page_1' title='image "./herodotus02unkngoog_0151.png"; bbox 0 0 2184 3517; ppageno 0'>
   <div class='ocr_carea' id='block_1_1' title="bbox 254 97 1989 3321">
    <p class='ocr_par' dir='ltr' id='par_1_1' title="bbox 254 97 1989 3321">
     <span class='ocr_line' id='line_1_1' title="bbox 270 97 1890 163; baseline -0.001 -12"><span class='ocrx_word' id='word_1_1' title='bbox 270 98 502 163; x_wconf 85' lang='lat'>47-50]</span> <span class='ocrx_word' id='word_1_2' title='bbox 920 97 1247 149; x_wconf 71' lang='lat' dir='ltr'><strong>ETTEPHH.</strong></span> <span class='ocrx_word' id='word_1_3' title='bbox 1794 100 1890 150; x_wconf 78' lang='lat'>133</span> 
     </span>
     <span class='ocr_line' id='line_1_2' title="bbox 279 174 1894 257; baseline -0.002 -19"><span class='ocrx_word' id='word_1_4' title='bbox 279 178 510 248; x_wconf 81' lang='grc' dir='ltr'>αἰδοῖον,</span> <span class='ocrx_word' id='word_1_5' title='bbox 546 177 640 237; x_wconf 84' lang='grc' dir='ltr'>καὶ</span> <span class='ocrx_word' id='word_1_6' title='bbox 676 177 839 239; x_wconf 93' lang='grc' dir='ltr'>κινέει</span> <span class='ocrx_word' id='word_1_7' title='bbox 873 181 1082 255; x_wconf 81' lang='grc' dir='ltr'>μοῦνον</span> <span class='ocrx_word' id='word_1_8' title='bbox 1113 180 1214 238; x_wconf 82' lang='grc' dir='ltr'>τοῦ</span> <span class='ocrx_word' id='word_1_9' title='bbox 1248 174 1527 255; x_wconf 76' lang='grc' dir='ltr'>σώματος,</span> <span class='ocrx_word' id='word_1_10' title='bbox 1560 175 1684 237; x_wconf 80' lang='grc' dir='ltr'>ἔστι</span> <span class='ocrx_word' id='word_1_11' title='bbox 1719 174 1894 257; x_wconf 85' lang='grc' dir='ltr'>λόγος</span> 
     </span>
     <span class='ocr_line' id='line_1_3' title="bbox 278 263 1989 347; baseline 0.001 -22"><span class='ocrx_word' id='word_1_12' title='bbox 278 266 412 343; x_wconf 85' lang='grc' dir='ltr'>περὶ</span> <span class='ocrx_word' id='word_1_13' title='bbox 439 265 610 326; x_wconf 81' lang='grc' dir='ltr'>αὖτοΰ</span> <span class='ocrx_word' id='word_1_14' title='bbox 638 265 755 343; x_wconf 81' lang='grc' dir='ltr'>ἶρός</span> <span class='ocrx_word' id='word_1_15' title='bbox 780 264 1104 347; x_wconf 83' lang='grc' dir='ltr'>λεγόμενος.</span> <span class='ocrx_word' id='word_1_16' title='bbox 1161 263 1318 341; x_wconf 85' lang='grc' dir='ltr'>Ἤδη</span> <span class='ocrx_word' id='word_1_17' title='bbox 1346 264 1420 325; x_wconf 78' lang='grc' dir='ltr'>ὦν</span> <span class='ocrx_word' id='word_1_18' title='bbox 1446 264 1624 325; x_wconf 81' lang='grc' dir='ltr'>δοκέει</span> <span class='ocrx_word' id='word_1_19' title='bbox 1649 290 1748 341; x_wconf 90' lang='grc' dir='ltr'>μοι</span> <span class='ocrx_word' id='word_1_20' title='bbox 1774 270 1891 324; x_wconf 90' lang='grc' dir='ltr'>Με-</span> <span class='ocrx_word' id='word_1_21' title='bbox 1909 265 1989 327; x_wconf 86' lang='grc'>49</span> 
     </span>
     <span class='ocr_line' id='line_1_4' title="bbox 278 351 1893 431; baseline -0.001 -18"><span class='ocrx_word' id='word_1_22' title='bbox 278 352 544 431; x_wconf 88' lang='grc' dir='ltr'>λάμπους</span> <span class='ocrx_word' id='word_1_23' title='bbox 571 352 603 413; x_wconf 84' lang='grc' dir='ltr'>ὁ</span> <span class='ocrx_word' id='word_1_24' title='bbox 628 352 975 430; x_wconf 76' lang='grc' dir='ltr'>Ἀμυθέωνος</span> <span class='ocrx_word' id='word_1_25' title='bbox 1009 356 1111 428; x_wconf 83' lang='grc' dir='ltr'>τῆς</span> <span class='ocrx_word' id='word_1_26' title='bbox 1147 352 1346 428; x_wconf 85' lang='grc' dir='ltr'>θυσίης</span> <span class='ocrx_word' id='word_1_27' title='bbox 1378 351 1581 427; x_wconf 78' lang='grc' dir='ltr'>ταύτης</span> <span class='ocrx_word' id='word_1_28' title='bbox 1612 351 1711 410; x_wconf 77' lang='grc' dir='ltr'>οὐκ</span> <span class='ocrx_word' id='word_1_29' title='bbox 1754 352 1893 412; x_wconf 84' lang='grc' dir='ltr'>εἶναι</span> 
     </span>
     <span class='ocr_line' id='line_1_5' title="bbox 279 438 1892 522; baseline -0.001 -22"><span class='ocrx_word' id='word_1_30' title='bbox 279 440 475 517; x_wconf 88' lang='grc' dir='ltr'>οἷδαης,</span> <span class='ocrx_word' id='word_1_31' title='bbox 503 440 637 500; x_wconf 74' lang='grc' dir='ltr'>ἀλλ’</span> <span class='ocrx_word' id='word_1_32' title='bbox 665 442 943 518; x_wconf 84' lang='grc' dir='ltr'>ἔμπειρος.</span> <span class='ocrx_word' id='word_1_33' title='bbox 1014 439 1274 516; x_wconf 86' lang='grc' dir='ltr'>Ἕλλησι</span> <span class='ocrx_word' id='word_1_34' title='bbox 1298 464 1411 522; x_wconf 92' lang='grc' dir='ltr'>γαρ</span> <span class='ocrx_word' id='word_1_35' title='bbox 1440 438 1510 516; x_wconf 92' lang='grc' dir='ltr'>δη</span> <span class='ocrx_word' id='word_1_36' title='bbox 1539 439 1892 517; x_wconf 79' lang='grc' dir='ltr'>Μελάμπους</span> 
     </span>
     <span class='ocr_line' id='line_1_6' title="bbox 281 527 1892 609; baseline -0.001 -20"><span class='ocrx_word' id='word_1_37' title='bbox 281 529 411 589; x_wconf 86' lang='grc' dir='ltr'>ἐστὶ</span> <span class='ocrx_word' id='word_1_38' title='bbox 436 528 469 589; x_wconf 83' lang='grc' dir='ltr'>ὁ</span> <span class='ocrx_word' id='word_1_39' title='bbox 497 528 913 609; x_wconf 76' lang='grc' dir='ltr'>ἐξηγησάμενος</span> <span class='ocrx_word' id='word_1_40' title='bbox 938 554 1037 589; x_wconf 87' lang='grc' dir='ltr'>του</span> <span class='ocrx_word' id='word_1_41' title='bbox 1068 527 1350 588; x_wconf 83' lang='grc' dir='ltr'>Διονύσου</span> <span class='ocrx_word' id='word_1_42' title='bbox 1374 527 1443 588; x_wconf 91' lang='grc' dir='ltr'>τό</span> <span class='ocrx_word' id='word_1_43' title='bbox 1467 553 1529 587; x_wconf 89' lang='grc' dir='ltr'>τε</span> <span class='ocrx_word' id='word_1_44' title='bbox 1558 552 1772 605; x_wconf 90' lang='grc' dir='ltr'>ουνομα</span> <span class='ocrx_word' id='word_1_45' title='bbox 1797 529 1892 588; x_wconf 84' lang='grc' dir='ltr'>καὶ</span> 
     </span>
     <span class='ocr_line' id='line_1_7' title="bbox 277 614 1892 693; baseline -0.001 -16"><span class='ocrx_word' id='word_1_46' title='bbox 277 615 387 692; x_wconf 77' lang='grc' dir='ltr'>τήν</span> <span class='ocrx_word' id='word_1_47' title='bbox 415 616 617 692; x_wconf 88' lang='grc' dir='ltr'>θυσίην</span> <span class='ocrx_word' id='word_1_48' title='bbox 644 617 736 675; x_wconf 85' lang='grc' dir='ltr'>καὶ</span> <span class='ocrx_word' id='word_1_49' title='bbox 760 616 863 692; x_wconf 80' lang='grc' dir='ltr'>τὴν</span> <span class='ocrx_word' id='word_1_50' title='bbox 894 615 1130 693; x_wconf 76' lang='grc' dir='ltr'>πομπὴν</span> <span class='ocrx_word' id='word_1_51' title='bbox 1161 619 1264 675; x_wconf 80' lang='grc' dir='ltr'>τοῦ</span> <span class='ocrx_word' id='word_1_52' title='bbox 1292 618 1539 692; x_wconf 80' lang='grc' dir='ltr'>φαλλοῦ.</span> <span class='ocrx_word' id='word_1_53' title='bbox 1626 614 1892 693; x_wconf 75' lang='grc' dir='ltr'>ἀτρεκέως</span> 
     </span>
     <span class='ocr_line' id='line_1_8' title="bbox 278 701 1890 784; baseline -0.001 -20"><span class='ocrx_word' id='word_1_54' title='bbox 278 706 386 781; x_wconf 80' lang='grc' dir='ltr'>μὲν</span> <span class='ocrx_word' id='word_1_55' title='bbox 431 703 497 764; x_wconf 79' lang='grc' dir='ltr'>οὗ</span> <span class='ocrx_word' id='word_1_56' title='bbox 549 701 734 764; x_wconf 88' lang='grc' dir='ltr'>πάντα</span> <span class='ocrx_word' id='word_1_57' title='bbox 776 702 1091 781; x_wconf 70' lang='grc' dir='ltr'>συλλαβών</span> <span class='ocrx_word' id='word_1_58' title='bbox 1137 702 1237 764; x_wconf 78' lang='grc' dir='ltr'>τᾶν</span> <span class='ocrx_word' id='word_1_59' title='bbox 1278 702 1454 784; x_wconf 88' lang='grc' dir='ltr'>λόγον</span> <span class='ocrx_word' id='word_1_60' title='bbox 1498 704 1689 783; x_wconf 77' lang='grc' dir='ltr'>ἔφηνε·</span> <span class='ocrx_word' id='word_1_61' title='bbox 1756 702 1890 764; x_wconf 69' lang='grc' dir='ltr'>ἀλλ’</span> 
     </span>
     <span class='ocr_line' id='line_1_9' title="bbox 282 790 1887 873; baseline 0.001 -21"><span class='ocrx_word' id='word_1_62' title='bbox 282 795 341 852; x_wconf 81' lang='grc' dir='ltr'>οἱ</span> <span class='ocrx_word' id='word_1_63' title='bbox 376 791 757 873; x_wconf 78' lang='grc' dir='ltr'>ἐπιγενόμενοι</span> <span class='ocrx_word' id='word_1_64' title='bbox 793 790 970 870; x_wconf 78' lang='grc' dir='ltr'>τούτῳ</span> <span class='ocrx_word' id='word_1_65' title='bbox 998 790 1279 868; x_wconf 85' lang='grc' dir='ltr'>σοφισταὶ</span> <span class='ocrx_word' id='word_1_66' title='bbox 1314 790 1555 867; x_wconf 86' lang='grc' dir='ltr'>μεζόνως</span> <span class='ocrx_word' id='word_1_67' title='bbox 1591 791 1887 871; x_wconf 82' lang='grc' dir='ltr'>ἐξέφῃναν·</span> 
     </span>
     <span class='ocr_line' id='line_1_10' title="bbox 279 876 1889 959; baseline -0.001 -19"><span class='ocrx_word' id='word_1_68' title='bbox 279 880 383 940; x_wconf 73' lang='grc' dir='ltr'>τὸν</span> <span class='ocrx_word' id='word_1_69' title='bbox 409 878 456 939; x_wconf 87' lang='grc' dir='ltr'>δ’</span> <span class='ocrx_word' id='word_1_70' title='bbox 485 878 560 940; x_wconf 80' lang='grc' dir='ltr'>ὦν</span> <span class='ocrx_word' id='word_1_71' title='bbox 586 877 819 954; x_wconf 80' lang='grc' dir='ltr'>φαλλόν</span> <span class='ocrx_word' id='word_1_72' title='bbox 843 878 944 939; x_wconf 83' lang='grc' dir='ltr'>τὸν</span> <span class='ocrx_word' id='word_1_73' title='bbox 977 882 1055 958; x_wconf 75' lang='grc' dir='ltr'>τῷ</span> <span class='ocrx_word' id='word_1_74' title='bbox 1081 876 1340 959; x_wconf 77' lang='grc' dir='ltr'>Διονύσῳ</span> <span class='ocrx_word' id='word_1_75' title='bbox 1375 878 1737 956; x_wconf 87' lang='grc' dir='ltr'>πεμπόμενον</span> <span class='ocrx_word' id='word_1_76' title='bbox 1772 886 1889 939; x_wconf 89' lang='grc' dir='ltr'>Με-</span> 
     </span>
     <span class='ocr_line' id='line_1_11' title="bbox 278 965 1891 1047; baseline 0 -20"><span class='ocrx_word' id='word_1_77' title='bbox 278 967 543 1045; x_wconf 85' lang='grc' dir='ltr'>λάμπους</span> <span class='ocrx_word' id='word_1_78' title='bbox 590 967 715 1028; x_wconf 83' lang='grc' dir='ltr'>ε’στὶ</span> <span class='ocrx_word' id='word_1_79' title='bbox 760 966 793 1027; x_wconf 79' lang='grc' dir='ltr'>ὁ</span> <span class='ocrx_word' id='word_1_80' title='bbox 841 966 1321 1047; x_wconf 74' lang='grc' dir='ltr'>κατηγησάμενος·</span> <span class='ocrx_word' id='word_1_81' title='bbox 1392 967 1486 1025; x_wconf 85' lang='grc' dir='ltr'>καὶ</span> <span class='ocrx_word' id='word_1_82' title='bbox 1532 965 1647 1027; x_wconf 67' lang='lat' dir='ltr'>‹in-&lt;3</span> <span class='ocrx_word' id='word_1_83' title='bbox 1687 966 1891 1028; x_wconf 88' lang='grc' dir='ltr'>τούτου</span> 
     </span>
     <span class='ocr_line' id='line_1_12' title="bbox 276 1053 1894 1135; baseline 0 -20"><span class='ocrx_word' id='word_1_84' title='bbox 276 1054 559 1133; x_wconf 86' lang='grc' dir='ltr'>μαθόντες</span> <span class='ocrx_word' id='word_1_85' title='bbox 604 1057 828 1115; x_wconf 82' lang='grc' dir='ltr'>ποιεῦσι</span> <span class='ocrx_word' id='word_1_86' title='bbox 872 1054 945 1115; x_wconf 72' lang='grc' dir='ltr'>τσῖ</span> <span class='ocrx_word' id='word_1_87' title='bbox 990 1057 1218 1114; x_wconf 78' lang='grc' dir='ltr'>ποιεῦσι</span> <span class='ocrx_word' id='word_1_88' title='bbox 1253 1053 1552 1130; x_wconf 88' lang='grc' dir='ltr'>Ἕλληνες.</span> <span class='ocrx_word' id='word_1_89' title='bbox 1635 1054 1742 1135; x_wconf 70' lang='grc' dir='ltr'>ἐγώ</span> <span class='ocrx_word' id='word_1_90' title='bbox 1788 1056 1894 1132; x_wconf 88' lang='grc' dir='ltr'>μέν</span> 
     </span>
     <span class='ocr_line' id='line_1_13' title="bbox 279 1140 1887 1223; baseline -0.001 -19"><span class='ocrx_word' id='word_1_91' title='bbox 279 1142 380 1204; x_wconf 86' lang='grc' dir='ltr'>νύν</span> <span class='ocrx_word' id='word_1_92' title='bbox 407 1149 556 1220; x_wconf 87' lang='grc' dir='ltr'>φημι</span> <span class='ocrx_word' id='word_1_93' title='bbox 588 1142 947 1220; x_wconf 79' lang='grc' dir='ltr'>Μελάμποδα</span> <span class='ocrx_word' id='word_1_94' title='bbox 976 1141 1277 1223; x_wconf 85' lang='grc' dir='ltr'>γενόμενον</span> <span class='ocrx_word' id='word_1_95' title='bbox 1308 1140 1484 1218; x_wconf 77' lang='grc' dir='ltr'>ἄνδρα</span> <span class='ocrx_word' id='word_1_96' title='bbox 1519 1141 1726 1216; x_wconf 86' lang='grc' dir='ltr'>σοφόν,</span> <span class='ocrx_word' id='word_1_97' title='bbox 1751 1167 1887 1218; x_wconf 88' lang='grc' dir='ltr'>μαν-</span> 
     </span>
     <span class='ocr_line' id='line_1_14' title="bbox 277 1227 1890 1310; baseline -0.002 -19"><span class='ocrx_word' id='word_1_98' title='bbox 277 1230 442 1307; x_wconf 82' lang='grc' dir='ltr'>τικήν</span> <span class='ocrx_word' id='word_1_99' title='bbox 474 1256 538 1295; x_wconf 86' lang='grc' dir='ltr'>τε</span> <span class='ocrx_word' id='word_1_100' title='bbox 559 1233 736 1310; x_wconf 76' lang='grc' dir='ltr'>ἑωυτῷ</span> <span class='ocrx_word' id='word_1_101' title='bbox 768 1234 1077 1306; x_wconf 85' lang='grc' dir='ltr'>συστῆσαι,</span> <span class='ocrx_word' id='word_1_102' title='bbox 1109 1230 1202 1289; x_wconf 84' lang='grc' dir='ltr'>καὶ</span> <span class='ocrx_word' id='word_1_103' title='bbox 1243 1228 1559 1306; x_wconf 86' lang='grc' dir='ltr'>πυθόμενον</span> <span class='ocrx_word' id='word_1_104' title='bbox 1592 1227 1688 1288; x_wconf 76' lang='grc' dir='ltr'>ἀπ’</span> <span class='ocrx_word' id='word_1_105' title='bbox 1723 1229 1890 1310; x_wconf 80' lang='grc' dir='ltr'>Αἰγύ-</span> 
     </span>
     <span class='ocr_line' id='line_1_15' title="bbox 278 1315 1895 1400; baseline -0.002 -19"><span class='ocrx_word' id='word_1_106' title='bbox 278 1346 428 1381; x_wconf 87' lang='grc' dir='ltr'>πτου</span> <span class='ocrx_word' id='word_1_107' title='bbox 458 1319 614 1379; x_wconf 78' lang='grc' dir='ltr'>ἅλλα</span> <span class='ocrx_word' id='word_1_108' title='bbox 648 1345 712 1379; x_wconf 93' lang='grc' dir='ltr'>τε</span> <span class='ocrx_word' id='word_1_109' title='bbox 747 1318 943 1379; x_wconf 71' lang='grc' dir='ltr'>πολλιί1</span> <span class='ocrx_word' id='word_1_110' title='bbox 978 1316 1381 1400; x_wconf 81' lang='grc' dir='ltr'>ἐσηγήσασθαι</span> <span class='ocrx_word' id='word_1_111' title='bbox 1410 1315 1669 1393; x_wconf 86' lang='grc' dir='ltr'>Ἕλλησι</span> <span class='ocrx_word' id='word_1_112' title='bbox 1704 1317 1797 1376; x_wconf 84' lang='grc' dir='ltr'>καὶ</span> <span class='ocrx_word' id='word_1_113' title='bbox 1821 1315 1895 1378; x_wconf 81' lang='grc' dir='ltr'>τοὶ</span> 
     </span>
     <span class='ocr_line' id='line_1_16' title="bbox 280 1403 1892 1487; baseline -0.002 -19"><span class='ocrx_word' id='word_1_114' title='bbox 280 1409 413 1487; x_wconf 84' lang='grc' dir='ltr'>περὶ</span> <span class='ocrx_word' id='word_1_115' title='bbox 438 1407 539 1469; x_wconf 81' lang='grc' dir='ltr'>τὸν</span> <span class='ocrx_word' id='word_1_116' title='bbox 578 1406 873 1477; x_wconf 84' lang='grc' dir='ltr'>Διόνυσον,</span> <span class='ocrx_word' id='word_1_117' title='bbox 901 1405 1073 1487; x_wconf 80' lang='grc' dir='ltr'>ὀλίγα</span> <span class='ocrx_word' id='word_1_118' title='bbox 1106 1404 1286 1466; x_wconf 74' lang='grc' dir='ltr'>αὐτῶν</span> <span class='ocrx_word' id='word_1_119' title='bbox 1321 1404 1784 1484; x_wconf 79' lang='grc' dir='ltr'>παραλλάξαντα·</span> <span class='ocrx_word' id='word_1_120' title='bbox 1825 1403 1892 1465; x_wconf 80' lang='grc' dir='ltr'>οὗ</span> 
     </span>
     <span class='ocr_line' id='line_1_17' title="bbox 265 1486 1894 1579; baseline -0.003 -21"><span class='ocrx_word' id='word_1_121' title='bbox 265 1497 397 1579; x_wconf 45' lang='grc' dir='ltr'>,γοῖρ</span> <span class='ocrx_word' id='word_1_122' title='bbox 418 1496 850 1574; x_wconf 73' lang='grc' dir='ltr'>δῆσυμπεσέειν</span> <span class='ocrx_word' id='word_1_123' title='bbox 875 1520 942 1575; x_wconf 84' lang='grc' dir='ltr'>γε</span> <span class='ocrx_word' id='word_1_124' title='bbox 964 1486 1136 1570; x_wconf 70' lang='grc' dir='ltr'>ᾦήσω</span> <span class='ocrx_word' id='word_1_125' title='bbox 1160 1493 1232 1554; x_wconf 88' lang='grc' dir='ltr'>τά</span> <span class='ocrx_word' id='word_1_126' title='bbox 1255 1520 1317 1554; x_wconf 92' lang='grc' dir='ltr'>τε</span> <span class='ocrx_word' id='word_1_127' title='bbox 1344 1498 1402 1554; x_wconf 89' lang='grc' dir='ltr'>ἐν</span> <span class='ocrx_word' id='word_1_128' title='bbox 1421 1492 1684 1575; x_wconf 78' lang='grc' dir='ltr'>Αἰγύπτῳ</span> <span class='ocrx_word' id='word_1_129' title='bbox 1709 1491 1894 1553; x_wconf 86' lang='grc' dir='ltr'>ποιεύ-</span> 
     </span>
     <span class='ocr_line' id='line_1_18' title="bbox 278 1580 1894 1664; baseline -0.003 -18"><span class='ocrx_word' id='word_1_130' title='bbox 278 1610 428 1664; x_wconf 85' lang='grc' dir='ltr'>μενα</span> <span class='ocrx_word' id='word_1_131' title='bbox 466 1588 544 1664; x_wconf 75' lang='grc' dir='ltr'>τῷ</span> <span class='ocrx_word' id='word_1_132' title='bbox 584 1585 690 1663; x_wconf 69' lang='grc' dir='ltr'>θειῖ</span> <span class='ocrx_word' id='word_1_133' title='bbox 730 1583 823 1643; x_wconf 90' lang='grc' dir='ltr'>καὶ</span> <span class='ocrx_word' id='word_1_134' title='bbox 860 1582 934 1643; x_wconf 83' lang='grc' dir='ltr'>τοὶ</span> <span class='ocrx_word' id='word_1_135' title='bbox 968 1588 1026 1642; x_wconf 91' lang='grc' dir='ltr'>ἐν</span> <span class='ocrx_word' id='word_1_136' title='bbox 1066 1583 1222 1643; x_wconf 81' lang='grc' dir='ltr'>τοῖσι</span> <span class='ocrx_word' id='word_1_137' title='bbox 1252 1582 1528 1658; x_wconf 88' lang='grc' dir='ltr'>Ἕλλησι·</span> <span class='ocrx_word' id='word_1_138' title='bbox 1597 1580 1894 1660; x_wconf 78' lang='grc' dir='ltr'>ὁμότροπα</span> 
     </span>
     <span class='ocr_line' id='line_1_19' title="bbox 280 1668 1892 1754; baseline -0.003 -21"><span class='ocrx_word' id='word_1_139' title='bbox 280 1672 395 1754; x_wconf 71' lang='grc' dir='ltr'>γὰρ</span> <span class='ocrx_word' id='word_1_140' title='bbox 428 1672 496 1733; x_wconf 79' lang='grc' dir='ltr'>ἂν</span> <span class='ocrx_word' id='word_1_141' title='bbox 526 1671 596 1748; x_wconf 85' lang='grc' dir='ltr'>ἦν</span> <span class='ocrx_word' id='word_1_142' title='bbox 629 1675 784 1731; x_wconf 86' lang='grc' dir='ltr'>τοῖσι</span> <span class='ocrx_word' id='word_1_143' title='bbox 812 1670 1086 1746; x_wconf 86' lang='grc' dir='ltr'>Ἕλλησι,</span> <span class='ocrx_word' id='word_1_144' title='bbox 1116 1669 1210 1729; x_wconf 85' lang='grc' dir='ltr'>καὶ</span> <span class='ocrx_word' id='word_1_145' title='bbox 1246 1668 1312 1728; x_wconf 80' lang='grc' dir='ltr'>οὗ</span> <span class='ocrx_word' id='word_1_146' title='bbox 1348 1668 1549 1730; x_wconf 80' lang='grc' dir='ltr'>νεωστὶ</span> <span class='ocrx_word' id='word_1_147' title='bbox 1590 1670 1892 1749; x_wconf 85' lang='grc' dir='ltr'>ἐσαγμένα.</span> 
     </span>
     <span class='ocr_line' id='line_1_20' title="bbox 289 1755 1891 1839; baseline -0.002 -17"><span class='ocrx_word' id='word_1_148' title='bbox 289 1763 357 1822; x_wconf 80' lang='grc' dir='ltr'>οὔ</span> <span class='ocrx_word' id='word_1_149' title='bbox 390 1762 506 1838; x_wconf 83' lang='grc' dir='ltr'>μὴν</span> <span class='ocrx_word' id='word_1_150' title='bbox 545 1759 672 1820; x_wconf 76' lang='grc' dir='ltr'>οὐδὲ</span> <span class='ocrx_word' id='word_1_151' title='bbox 714 1759 884 1835; x_wconf 87' lang='grc' dir='ltr'>φήσω</span> <span class='ocrx_word' id='word_1_152' title='bbox 925 1757 1063 1823; x_wconf 83' lang='grc' dir='ltr'>ὅκως</span> <span class='ocrx_word' id='word_1_153' title='bbox 1089 1757 1389 1839; x_wconf 83' lang='grc' dir='ltr'>Αἰγύπτιοι</span> <span class='ocrx_word' id='word_1_154' title='bbox 1427 1755 1559 1835; x_wconf 80' lang='grc' dir='ltr'>παρ’</span> <span class='ocrx_word' id='word_1_155' title='bbox 1598 1756 1891 1833; x_wconf 81' lang='grc' dir='ltr'>Ἑλλήνων</span> 
     </span>
     <span class='ocr_line' id='line_1_21' title="bbox 283 1845 1897 1927; baseline -0.002 -19"><span class='ocrx_word' id='word_1_156' title='bbox 283 1849 500 1927; x_wconf 59' lang='grc' dir='ltr'>ὂαβον</span> <span class='ocrx_word' id='word_1_157' title='bbox 526 1847 563 1923; x_wconf 83' lang='grc' dir='ltr'>ἢ</span> <span class='ocrx_word' id='word_1_158' title='bbox 588 1850 758 1908; x_wconf 81' lang='grc' dir='ltr'>τοῦτο</span> <span class='ocrx_word' id='word_1_159' title='bbox 782 1845 819 1922; x_wconf 86' lang='grc' dir='ltr'>ἢ</span> <span class='ocrx_word' id='word_1_160' title='bbox 847 1845 997 1906; x_wconf 76' lang='grc' dir='ltr'>ἄλλο</span> <span class='ocrx_word' id='word_1_161' title='bbox 1026 1845 1126 1906; x_wconf 89' lang='grc' dir='ltr'>κού</span> <span class='ocrx_word' id='word_1_162' title='bbox 1151 1871 1208 1906; x_wconf 89' lang='grc' dir='ltr'>τι</span> <span class='ocrx_word' id='word_1_163' title='bbox 1233 1845 1483 1923; x_wconf 83' lang='grc' dir='ltr'>νόμαιον·</span> <span class='ocrx_word' id='word_1_164' title='bbox 1526 1845 1807 1905; x_wconf 89' lang='grc' dir='ltr'>πυθέσθαι</span> <span class='ocrx_word' id='word_1_165' title='bbox 1832 1845 1897 1905; x_wconf 86' lang='grc' dir='ltr'>δέ</span> 
     </span>
     <span class='ocr_line' id='line_1_22' title="bbox 282 1931 1893 2013; baseline -0.001 -17"><span class='ocrx_word' id='word_1_166' title='bbox 282 1962 385 2013; x_wconf 89' lang='grc' dir='ltr'>μοι</span> <span class='ocrx_word' id='word_1_167' title='bbox 406 1937 581 1996; x_wconf 87' lang='grc' dir='ltr'>δοκέει</span> <span class='ocrx_word' id='word_1_168' title='bbox 604 1935 862 2013; x_wconf 87' lang='grc' dir='ltr'>μάλιστα</span> <span class='ocrx_word' id='word_1_169' title='bbox 880 1933 1236 2011; x_wconf 87' lang='grc' dir='ltr'>Μελάμπους</span> <span class='ocrx_word' id='word_1_170' title='bbox 1252 1934 1325 1994; x_wconf 84' lang='grc' dir='ltr'>τοὶ</span> <span class='ocrx_word' id='word_1_171' title='bbox 1343 1933 1471 2012; x_wconf 84' lang='grc' dir='ltr'>περὶ</span> <span class='ocrx_word' id='word_1_172' title='bbox 1490 1932 1590 1994; x_wconf 76' lang='grc' dir='ltr'>τᾶν</span> <span class='ocrx_word' id='word_1_173' title='bbox 1612 1931 1893 1994; x_wconf 88' lang='grc' dir='ltr'>Διόνυσον</span> 
     </span>
     <span class='ocr_line' id='line_1_23' title="bbox 282 2020 1895 2102; baseline -0.001 -19"><span class='ocrx_word' id='word_1_174' title='bbox 282 2024 442 2102; x_wconf 70' lang='grc' dir='ltr'>παρὰ</span> <span class='ocrx_word' id='word_1_175' title='bbox 475 2023 713 2100; x_wconf 82' lang='grc' dir='ltr'>Κάδμου</span> <span class='ocrx_word' id='word_1_176' title='bbox 748 2049 812 2083; x_wconf 96' lang='grc' dir='ltr'>τε</span> <span class='ocrx_word' id='word_1_177' title='bbox 843 2025 945 2082; x_wconf 81' lang='grc' dir='ltr'>τοῦ</span> <span class='ocrx_word' id='word_1_178' title='bbox 986 2022 1206 2100; x_wconf 85' lang='grc' dir='ltr'>Τυρίου,</span> <span class='ocrx_word' id='word_1_179' title='bbox 1236 2021 1328 2081; x_wconf 82' lang='grc' dir='ltr'>καὶ</span> <span class='ocrx_word' id='word_1_180' title='bbox 1364 2024 1475 2082; x_wconf 78' lang='grc' dir='ltr'>τῶν</span> <span class='ocrx_word' id='word_1_181' title='bbox 1517 2046 1626 2081; x_wconf 91' lang='grc' dir='ltr'>συν</span> <span class='ocrx_word' id='word_1_182' title='bbox 1659 2020 1807 2101; x_wconf 77' lang='grc' dir='ltr'>αύτῷ</span> <span class='ocrx_word' id='word_1_183' title='bbox 1833 2026 1895 2081; x_wconf 92' lang='grc' dir='ltr'>ἐκ</span> 
     </span>
     <span class='ocr_line' id='line_1_24' title="bbox 282 2108 1892 2190; baseline -0.002 -18"><span class='ocrx_word' id='word_1_184' title='bbox 282 2114 544 2190; x_wconf 87' lang='grc' dir='ltr'>Φοινίκης</span> <span class='ocrx_word' id='word_1_185' title='bbox 580 2111 927 2189; x_wconf 73' lang='grc' dir='ltr'>ἀπικομένων</span> <span class='ocrx_word' id='word_1_186' title='bbox 953 2113 1008 2173; x_wconf 88' lang='grc' dir='ltr'>ἐς</span> <span class='ocrx_word' id='word_1_187' title='bbox 1045 2109 1151 2186; x_wconf 77' lang='grc' dir='ltr'>τὴν</span> <span class='ocrx_word' id='word_1_188' title='bbox 1182 2113 1280 2171; x_wconf 82' lang='grc' dir='ltr'>νῦν</span> <span class='ocrx_word' id='word_1_189' title='bbox 1316 2110 1588 2186; x_wconf 88' lang='grc' dir='ltr'>Βοιωτίην</span> <span class='ocrx_word' id='word_1_190' title='bbox 1624 2108 1892 2188; x_wconf 87' lang='grc' dir='ltr'>καλεομε-</span> 
     </span>
     <span class='ocr_line' id='line_1_25' title="bbox 282 2199 618 2280; baseline -0.013 0"><span class='ocrx_word' id='word_1_191' title='bbox 282 2227 387 2279; x_wconf 75' lang='grc' dir='ltr'>νην</span> <span class='ocrx_word' id='word_1_192' title='bbox 410 2199 618 2280; x_wconf 71' lang='grc' dir='ltr'>χώρην·</span> 
     </span>
     <span class='ocr_line' id='line_1_26' title="bbox 254 2284 1988 2368; baseline -0.002 -19"><span class='ocrx_word' id='word_1_193' title='bbox 254 2362 258 2364; x_wconf 11' lang='grc' dir='ltr'><strong>λ</strong></span> <span class='ocrx_word' id='word_1_194' title='bbox 367 2288 583 2368; x_wconf 76' lang='grc' dir='ltr'>Σχεδὸν</span> <span class='ocrx_word' id='word_1_195' title='bbox 619 2288 679 2348; x_wconf 81' lang='grc' dir='ltr'>δὲ</span> <span class='ocrx_word' id='word_1_196' title='bbox 711 2288 803 2348; x_wconf 83' lang='grc' dir='ltr'>καὶ</span> <span class='ocrx_word' id='word_1_197' title='bbox 842 2286 1026 2349; x_wconf 85' lang='grc' dir='ltr'>πάντα</span> <span class='ocrx_word' id='word_1_198' title='bbox 1064 2284 1138 2348; x_wconf 77' lang='grc' dir='ltr'>τοὶ</span> <span class='ocrx_word' id='word_1_199' title='bbox 1179 2284 1463 2363; x_wconf 81' lang='grc' dir='ltr'>οὔνόματα</span> <span class='ocrx_word' id='word_1_200' title='bbox 1500 2288 1611 2346; x_wconf 73' lang='grc' dir='ltr'>τῶν</span> <span class='ocrx_word' id='word_1_201' title='bbox 1653 2286 1791 2346; x_wconf 79' lang='grc' dir='ltr'>θεῶν</span> <span class='ocrx_word' id='word_1_202' title='bbox 1833 2285 1895 2355; x_wconf 81' lang='grc' dir='ltr'>ἐξ</span> <span class='ocrx_word' id='word_1_203' title='bbox 1908 2286 1988 2345; x_wconf 85' lang='grc'>50</span> 
     </span>
     <span class='ocr_line' id='line_1_27' title="bbox 279 2371 1892 2458; baseline -0.004 -21"><span class='ocrx_word' id='word_1_204' title='bbox 279 2377 576 2458; x_wconf 81' lang='grc' dir='ltr'>Αἰγύπτου</span> <span class='ocrx_word' id='word_1_205' title='bbox 610 2375 850 2452; x_wconf 84' lang='grc' dir='ltr'>ἐλήλυθε</span> <span class='ocrx_word' id='word_1_206' title='bbox 884 2382 939 2440; x_wconf 91' lang='grc' dir='ltr'>ἐς</span> <span class='ocrx_word' id='word_1_207' title='bbox 968 2375 1073 2451; x_wconf 79' lang='grc' dir='ltr'>τὴν</span> <span class='ocrx_word' id='word_1_208' title='bbox 1098 2374 1375 2435; x_wconf 86' lang='grc' dir='ltr'>Ἑλλάδα.</span> <span class='ocrx_word' id='word_1_209' title='bbox 1426 2373 1600 2433; x_wconf 69' lang='grc' dir='ltr'>,διότι</span> <span class='ocrx_word' id='word_1_210' title='bbox 1639 2375 1743 2449; x_wconf 82' lang='grc' dir='ltr'>μὲν</span> <span class='ocrx_word' id='word_1_211' title='bbox 1779 2371 1892 2455; x_wconf 71' lang='grc' dir='ltr'>γοῖρ</span> 
     </span>
     <span class='ocr_line' id='line_1_28' title="bbox 284 2458 1896 2543; baseline -0.003 -19"><span class='ocrx_word' id='word_1_212' title='bbox 284 2469 347 2524; x_wconf 91' lang='grc' dir='ltr'>ἐκ</span> <span class='ocrx_word' id='word_1_213' title='bbox 373 2468 483 2525; x_wconf 80' lang='grc' dir='ltr'>τῶν</span> <span class='ocrx_word' id='word_1_214' title='bbox 518 2463 833 2543; x_wconf 86' lang='grc' dir='ltr'>βαρβάρων</span> <span class='ocrx_word' id='word_1_215' title='bbox 867 2462 1005 2539; x_wconf 87' lang='grc' dir='ltr'>ἥκει,</span> <span class='ocrx_word' id='word_1_216' title='bbox 1033 2461 1444 2539; x_wconf 87' lang='grc' dir='ltr'>πυνθανόμενος</span> <span class='ocrx_word' id='word_1_217' title='bbox 1480 2461 1621 2520; x_wconf 81' lang='grc' dir='ltr'>οὕτω</span> <span class='ocrx_word' id='word_1_218' title='bbox 1660 2458 1896 2537; x_wconf 76' lang='grc' dir='ltr'>εὑρίσκω</span> 
     </span>
     <span class='ocr_line' id='line_1_29' title="bbox 284 2546 1893 2631; baseline -0.004 -18"><span class='ocrx_word' id='word_1_219' title='bbox 284 2551 399 2613; x_wconf 85' lang='grc' dir='ltr'>ἐόν·</span> <span class='ocrx_word' id='word_1_220' title='bbox 454 2552 625 2612; x_wconf 90' lang='grc' dir='ltr'>δοκέω</span> <span class='ocrx_word' id='word_1_221' title='bbox 665 2550 710 2611; x_wconf 86' lang='grc' dir='ltr'>δ’</span> <span class='ocrx_word' id='word_1_222' title='bbox 754 2550 827 2612; x_wconf 80' lang='grc' dir='ltr'>ὦν</span> <span class='ocrx_word' id='word_1_223' title='bbox 867 2550 1127 2629; x_wconf 84' lang='grc' dir='ltr'>μάλιστα</span> <span class='ocrx_word' id='word_1_224' title='bbox 1168 2548 1264 2609; x_wconf 74' lang='grc' dir='ltr'>ἀπ’</span> <span class='ocrx_word' id='word_1_225' title='bbox 1308 2547 1595 2631; x_wconf 81' lang='grc' dir='ltr'>Αἰγύπτου</span> <span class='ocrx_word' id='word_1_226' title='bbox 1636 2546 1893 2628; x_wconf 69' lang='grc' dir='ltr'>ἀπῖχθαι.</span> 
     </span>
     <span class='ocr_line' id='line_1_30' title="bbox 282 2635 1896 2721; baseline -0.003 -21"><span class='ocrx_word' id='word_1_227' title='bbox 282 2640 375 2701; x_wconf 82' lang='grc' dir='ltr'>ὅτι</span> <span class='ocrx_word' id='word_1_228' title='bbox 397 2640 508 2721; x_wconf 84' lang='grc' dir='ltr'>γοῖρ</span> <span class='ocrx_word' id='word_1_229' title='bbox 536 2638 606 2716; x_wconf 76' lang='grc' dir='ltr'>δή</span> <span class='ocrx_word' id='word_1_230' title='bbox 633 2638 713 2715; x_wconf 79' lang='grc' dir='ltr'><em>μή</em></span> <span class='ocrx_word' id='word_1_231' title='bbox 742 2638 1128 2701; x_wconf 90' lang='grc' dir='ltr'>Ποσειδέωνος</span> <span class='ocrx_word' id='word_1_232' title='bbox 1164 2637 1258 2697; x_wconf 82' lang='grc' dir='ltr'>καὶ</span> <span class='ocrx_word' id='word_1_233' title='bbox 1286 2636 1666 2716; x_wconf 86' lang='grc' dir='ltr'>Διοσκούρων,</span> <span class='ocrx_word' id='word_1_234' title='bbox 1700 2635 1771 2700; x_wconf 78' lang='grc' dir='ltr'>ὦς</span> <span class='ocrx_word' id='word_1_235' title='bbox 1804 2636 1896 2696; x_wconf 86' lang='grc' dir='ltr'>καὶ</span> 
     </span>
     <span class='ocr_line' id='line_1_31' title="bbox 281 2722 1892 2806; baseline 0 -18"><span class='ocrx_word' id='word_1_236' title='bbox 281 2727 561 2806; x_wconf 85' lang='grc' dir='ltr'>πρότερόν</span> <span class='ocrx_word' id='word_1_237' title='bbox 594 2753 694 2805; x_wconf 91' lang='grc' dir='ltr'>μοι</span> <span class='ocrx_word' id='word_1_238' title='bbox 723 2730 901 2787; x_wconf 83' lang='grc' dir='ltr'>ταῦτα</span> <span class='ocrx_word' id='word_1_239' title='bbox 942 2727 1170 2806; x_wconf 78' lang='grc' dir='ltr'>εἴρηται,</span> <span class='ocrx_word' id='word_1_240' title='bbox 1205 2727 1297 2785; x_wconf 85' lang='grc' dir='ltr'>καὶ</span> <span class='ocrx_word' id='word_1_241' title='bbox 1312 2724 1513 2802; x_wconf 88' lang='grc' dir='ltr'>Ἥρης,</span> <span class='ocrx_word' id='word_1_242' title='bbox 1543 2725 1636 2785; x_wconf 85' lang='grc' dir='ltr'>καὶ</span> <span class='ocrx_word' id='word_1_243' title='bbox 1663 2722 1892 2801; x_wconf 86' lang='grc' dir='ltr'>Ἱστίης,</span> 
     </span>
     <span class='ocr_line' id='line_1_32' title="bbox 281 2810 1897 2922; baseline -0.004 -46"><span class='ocrx_word' id='word_1_244' title='bbox 281 2817 383 2876; x_wconf 88' lang='grc' dir='ltr'>καὶ</span> <span class='ocrx_word' id='word_1_245' title='bbox 411 2817 633 2892; x_wconf 84' lang='grc' dir='ltr'>Θέμιος,</span> <span class='ocrx_word' id='word_1_246' title='bbox 661 2815 753 2874; x_wconf 86' lang='grc' dir='ltr'>καὶ</span> <span class='ocrx_word' id='word_1_247' title='bbox 794 2814 1069 2892; x_wconf 89' lang='grc' dir='ltr'>Χαρίτων,</span> <span class='ocrx_word' id='word_1_248' title='bbox 1105 2813 1197 2872; x_wconf 90' lang='grc' dir='ltr'>καὶ</span> <span class='ocrx_word' id='word_1_249' title='bbox 1215 2813 1551 2922; x_wconf 74' lang='grc' dir='ltr'>Νηρηΐδων,</span> <span class='ocrx_word' id='word_1_250' title='bbox 1560 2815 1670 2873; x_wconf 75' lang='grc' dir='ltr'>τῶν</span> <span class='ocrx_word' id='word_1_251' title='bbox 1704 2810 1897 2871; x_wconf 76' lang='grc' dir='ltr'>ἄλλων</span> 
     </span>
     <span class='ocr_line' id='line_1_33' title="bbox 283 2898 1896 2985; baseline -0.004 -20"><span class='ocrx_word' id='word_1_252' title='bbox 283 2905 429 2965; x_wconf 75' lang='grc' dir='ltr'>θεῶν</span> <span class='ocrx_word' id='word_1_253' title='bbox 454 2904 819 2985; x_wconf 82' lang='grc' dir='ltr'>Αἰγυπτίοισι</span> <span class='ocrx_word' id='word_1_254' title='bbox 850 2903 960 2962; x_wconf 83' lang='grc' dir='ltr'>αἰεί</span> <span class='ocrx_word' id='word_1_255' title='bbox 998 2927 1127 2961; x_wconf 93' lang='grc' dir='ltr'>κοτε</span> <span class='ocrx_word' id='word_1_256' title='bbox 1161 2900 1235 2961; x_wconf 84' lang='grc' dir='ltr'>τοὶ</span> <span class='ocrx_word' id='word_1_257' title='bbox 1269 2898 1551 2976; x_wconf 78' lang='grc' dir='ltr'>οὐνόματά</span> <span class='ocrx_word' id='word_1_258' title='bbox 1584 2903 1709 2959; x_wconf 91' lang='grc' dir='ltr'>ἐστι</span> <span class='ocrx_word' id='word_1_259' title='bbox 1741 2902 1800 2958; x_wconf 89' lang='grc' dir='ltr'>ἐν</span> <span class='ocrx_word' id='word_1_260' title='bbox 1823 2900 1896 2977; x_wconf 81' lang='grc' dir='ltr'>τῇ</span> 
     </span>
     <span class='ocr_line' id='line_1_34' title="bbox 278 2977 1898 3073; baseline -0.005 -21"><span class='ocrx_word' id='word_1_261' title='bbox 278 2990 454 3073; x_wconf 78' lang='grc' dir='ltr'>χώρῃ.</span> <span class='ocrx_word' id='word_1_262' title='bbox 540 2993 691 3073; x_wconf 90' lang='grc' dir='ltr'>λέγω</span> <span class='ocrx_word' id='word_1_263' title='bbox 723 2991 784 3051; x_wconf 83' lang='grc' dir='ltr'>δὲ</span> <span class='ocrx_word' id='word_1_264' title='bbox 813 2990 887 3051; x_wconf 83' lang='grc' dir='ltr'>τοὶ</span> <span class='ocrx_word' id='word_1_265' title='bbox 921 2990 1161 3071; x_wconf 88' lang='grc' dir='ltr'>λέγουσι</span> <span class='ocrx_word' id='word_1_266' title='bbox 1197 2987 1358 3048; x_wconf 84' lang='grc' dir='ltr'>αυτοὶ</span> <span class='ocrx_word' id='word_1_267' title='bbox 1390 2977 1708 3067; x_wconf 81' lang='grc' dir='ltr'>Αἰγύπτιοι.</span> <span class='ocrx_word' id='word_1_268' title='bbox 1788 3010 1898 3044; x_wconf 93' lang='grc' dir='ltr'>των</span> 
     </span>
     <span class='ocr_line' id='line_1_35' title="bbox 280 3070 1902 3159; baseline -0.007 -18"><span class='ocrx_word' id='word_1_269' title='bbox 280 3081 345 3141; x_wconf 82' lang='grc' dir='ltr'>δὲ</span> <span class='ocrx_word' id='word_1_270' title='bbox 380 3080 637 3156; x_wconf 84' lang='grc' dir='ltr'>ουφασι</span> <span class='ocrx_word' id='word_1_271' title='bbox 679 3079 818 3140; x_wconf 77' lang='grc' dir='ltr'>θεῶν</span> <span class='ocrx_word' id='word_1_272' title='bbox 862 3077 1160 3159; x_wconf 75' lang='grc' dir='ltr'>γινώσκειν</span> <span class='ocrx_word' id='word_1_273' title='bbox 1197 3075 1271 3135; x_wconf 85' lang='grc' dir='ltr'>τοὶ</span> <span class='ocrx_word' id='word_1_274' title='bbox 1311 3073 1609 3149; x_wconf 87' lang='grc' dir='ltr'>ουνόματα,</span> <span class='ocrx_word' id='word_1_275' title='bbox 1644 3095 1798 3131; x_wconf 91' lang='grc' dir='ltr'>ουτοι</span> <span class='ocrx_word' id='word_1_276' title='bbox 1838 3070 1902 3129; x_wconf 83' lang='grc' dir='ltr'>δέ</span> 
     </span>
     <span class='ocr_line' id='line_1_36' title="bbox 278 3106 1900 3247; baseline -0.007 -18"><span class='ocrx_word' id='word_1_277' title='bbox 278 3194 386 3247; x_wconf 85' lang='grc' dir='ltr'>μοι</span> <span class='ocrx_word' id='word_1_278' title='bbox 380 3106 695 3228; x_wconf 72' lang='grc' dir='ltr'>ουδοκέουσι</span> <span class='ocrx_word' id='word_1_279' title='bbox 740 3165 852 3227; x_wconf 80' lang='grc' dir='ltr'>ὖπο</span> <span class='ocrx_word' id='word_1_280' title='bbox 905 3166 1230 3243; x_wconf 91' lang='grc' dir='ltr'>Πελασγων</span> <span class='ocrx_word' id='word_1_281' title='bbox 1285 3159 1691 3237; x_wconf 83' lang='grc' dir='ltr'>ὀνομασθῆναι,</span> <span class='ocrx_word' id='word_1_282' title='bbox 1745 3156 1900 3233; x_wconf 82' lang='grc' dir='ltr'>πλὴν</span> 
     </span>
     <span class='ocr_line' id='line_1_37' title="bbox 282 3243 1902 3321; baseline -0.008 -2"><span class='ocrx_word' id='word_1_283' title='bbox 282 3255 695 3319; x_wconf 88' lang='grc' dir='ltr'>Ποσειδεωνος.</span> <span class='ocrx_word' id='word_1_284' title='bbox 776 3256 977 3314; x_wconf 80' lang='grc' dir='ltr'>τοῦτον</span> <span class='ocrx_word' id='word_1_285' title='bbox 1028 3251 1089 3310; x_wconf 89' lang='grc' dir='ltr'>δε</span> <span class='ocrx_word' id='word_1_286' title='bbox 1133 3248 1234 3310; x_wconf 83' lang='grc' dir='ltr'>τόν</span> <span class='ocrx_word' id='word_1_287' title='bbox 1286 3246 1414 3308; x_wconf 76' lang='grc' dir='ltr'>θεὰν</span> <span class='ocrx_word' id='word_1_288' title='bbox 1464 3245 1619 3319; x_wconf 72' lang='grc' dir='ltr'>παρὰ</span> <span class='ocrx_word' id='word_1_289' title='bbox 1671 3243 1902 3321; x_wconf 88' lang='grc' dir='ltr'>Λιβύων</span> 
     </span>
    </p>
   </div>
  </div>
 </body>
</html>
