2184 3517
239 131 528 197 197—199]
933 132 1170 185 mmo.
1782 137 1848 185 ιο

237 217 423 273 ταῦτα
465 213 794 291 προσιόντες
838 214 1319 292 συμβουλεῦουσι,
1362 213 1456 274 καὶ
1485 215 1851 293 παραινέουσι

239 298 406 360 ἅσσα
432 300 597 365 αὖτὸς
618 300 864 378 ποιήσας
890 302 1126 385 ἐξέφυγε
1153 302 1353 380 ὁμοίην
1377 306 1583 362 νοῦσον
1608 299 1646 378 ἢ
1670 300 1851 362 ἄλλον

241 387 359 447 εἶδε
385 389 717 471 ἐκφυγόντα·
759 394 899 471 σιγῇ
931 390 992 451 δὲ
1030 391 1394 469 παρεξελθεῖν
1431 389 1533 451 τᾶν
1571 389 1851 466 κάμνοντα

240 474 309 535 οὗ
336 481 451 552 σφι
478 479 675 547 ἔξεστι,
703 478 836 555 πρὶν
861 476 930 538 ἂν
956 479 1239 556 ἐπείρηται
1263 477 1458 554 ἥντινα
1482 481 1687 539 νοῦσον
1713 478 1845 557 ἔχει.

237 566 437 641 Ταφαὶ
477 565 541 624 δέ
580 571 694 641 σφι
730 569 788 625 ἐν
821 566 1028 644 μέλιτι.
1087 567 1284 644 θρῆνοι
1320 566 1379 625 δὲ
1416 564 1809 644 παραπλήσιοι
1828 566 1943 627 198

137 723 144 729 .
235 656 398 712 τοῖσι
439 658 499 713 ἐν
539 652 823 735 Αἲγῦπτω.
880 652 1080 718 ὁσάκις
1123 653 1170 713 δ’
1216 651 1287 714 ἂν
1322 655 1504 733 μιχθῇ
1533 654 1752 736 γυναικὶ
1775 656 1849 732 τῇ

237 742 447 801 εωυτοῦ
471 740 613 819 ἀνὴρ
640 741 1025 817 Βαβυλωνιος,
1050 742 1180 819 περὶ
1207 742 1458 820 θυμίημα
1489 740 1847 823 καταγιζόμε-

233 853 341 888 νον
360 828 478 900 ἵζει·
508 830 731 907 ἑτέρωθι
749 829 860 889 δὲ
823 855 860 906 η
878 829 1020 910 γυνὴ
1038 827 1216 890 τῶυτο
1235 834 1403 889 τοῦτο
1420 829 1615 891 ποιέει·
1644 828 1851 908 ὄρθρου

236 915 304 975 δὲ
350 917 649 998 γενομένου
694 921 924 978 λοῦνται
970 918 1062 977 καὶ
1110 916 1438 995 ἀμφότεροι·
1497 915 1698 1000 ἄγγεος
1732 916 1846 999 γοῖρ

236 1004 461 1070 οὐδενός
486 1003 729 1085 ἅψονται
750 1005 885 1083 πρὶν
910 1003 980 1066 ἂν
1004 1004 1341 1067 λούσωνται.
1384 1004 1562 1067 ταῦτα
1586 1005 1647 1066 δὲ
1671 1009 1848 1066 ταῦτα

237 1093 336 1152 καὶ
359 1093 625 1172 Ἀραβιοι
650 1098 893 1154 ποιεῦσι.

320 1181 389 1241 Ὀ
418 1182 481 1242 δὲ
525 1181 594 1258 δὴ
627 1182 927 1262 αἴσχιστος
950 1184 1061 1242 τῶν
1085 1180 1269 1259 νόμων
1295 1181 1420 1241 ἔστι
1441 1183 1597 1241 τοῖσι
1623 1182 1938 1258 Βαβυ-199

233 1272 497 1330 λωνίοισι
522 1269 636 1330 ὅδε·
676 1270 762 1329 δεῖ
783 1273 979 1330 πᾶσαν
1002 1274 1240 1351 γυναῖκα
1266 1269 1567 1349 ἐπιχωρίην
1591 1268 1847 1348 ἶζομένην

234 1362 296 1421 ἐς
324 1357 445 1436 ῖρόν
467 1357 826 1436 Ἀφροδιτης,
853 1355 1007 1428 ἅπαξ
1048 1362 1108 1419 ἐν
1130 1362 1204 1437 τῇ
1245 1355 1346 1436 ζόῃ
1381 1357 1653 1438 μιχθῆναι
1688 1356 1845 1435 ἀνδρὶ

235 1446 416 1526 ξείνω.
496 1445 716 1506 πολλαὶ
741 1446 801 1507 δὲ
827 1447 920 1506 καὶ
946 1445 1047 1506 οὔκ
1073 1444 1388 1524 ἅξιεύμεναι
1428 1443 1845 1527 ἀναμίσγεσθαι

231 1537 376 1613 τῇσι
396 1532 691 1613 mnu-⁶⁹
634 1560 724 1594 οια
743 1533 970 1615 πλούτῳ
983 1533 1529 1612 υπερφρονέουσαι,’
1502 1533 1594 1593 επὶ
1614 1535 1847 1615 ζευγέων

234 1627 301 1683 ἐν
329 1622 628 1702 καμάρῃσι·
652 1622 938 1683 ἐλάσασαι
977 1621 1121 1701 πρός
1160 1649 1228 1684 το
1263 1620 1381 1700 ἱρόν
1417 1625 1639 1683 ἑστᾶσι·
1687 1623 1846 1701 θερα-

139 1766 144 1770 .
231 1710 377 1788 πηιη
406 1711 470 1770 δέ
493 1716 609 1787 σφι
633 1708 869 1771 ὄπισθεν
910 1712 1102 1771 ἕπεται
1123 1710 1340 1785 πολλή.
1421 1712 1481 1770 αἱ
1520 1710 1581 1770 δὲ
1611 1714 1846 1775 πλεῦνες

231 1802 468 1863 ποιεῦσι
492 1796 616 1859 ὦδε·
657 1803 717 1859 ε’ν
739 1798 955 1877 τεμένεϊ
982 1797 1324 1877 Ἀφροδίτης
1349 1798 1608 1859 κατέαται
1633 1799 1844 1875 στέφα-

230 1913 332 1948 νον
356 1888 491 1965 περὶ
515 1891 652 1966 τῇσι
687 1890 977 1967 κεφαλῇσι
1016 1887 1250 1966 ἔχουσαι
1291 1886 1586 1968 θώμιγγος,
1627 1886 1844 1947 πολλαὶ
1878 1909 1899 1917 “

231 1981 511 2058 γυναῖκες·
550 1979 609 2036 αἶ
627 1977 732 2054 μὲν
748 1975 858 2057 γὰρ
876 1977 1306 2056 προσέρχονται,
1326 1978 1386 2036 αἱ
1412 1975 1471 2036 δὲ
1489 1973 1844 2055 ἀπέρχονται·

233 2064 617 2144 σχοινοτενέες
642 2064 702 2125 δὲ
737 2064 972 2135 διέξοδοι
1010 2064 1195 2141 πάντη
1231 2063 1444 2144 τρόπον
1482 2062 1624 2125 όδῶν
1650 2065 1844 2143 ἔχουσι

233 2153 326 2213 διαὶ
351 2158 465 2216 τῶν
489 2156 775 2235 γυναικῶν,
804 2152 871 2214 δι’
900 2150 975 2214 ὧν
1001 2155 1056 2214 οἱ
1080 2152 1250 2222 ξεῖνοι
1275 2151 1564 2224 διεξιόντες
1590 2153 1844 2232 ἐκλέγον-

230 2266 347 2302 ται.
409 2243 543 2302 ἔνθα
569 2240 736 2302 ἐπεὰν
762 2240 943 2319 ἵζηται
966 2240 1126 2324 γυνὴ,
1154 2240 1220 2302 οὖ
1245 2240 1518 2320 πρότερον
1544 2237 1844 2300 ἀπαλλάσ-

233 2355 401 2391 σεται
426 2334 484 2395 ε’ς
507 2329 581 2390 τοὶ
607 2329 754 2390 οἰκία
775 2326 815 2407 ἢ
852 2329 939 2394 τίς
965 2332 1020 2390 οἱ
1045 2329 1234 2401 ξείνων
1272 2328 1537 2410 ἀργύριον
1573 2327 1843 2406 ε’μβαλῶν

233 2422 290 2482 ἐς
328 2417 404 2478 ‘'e-(2
442 2416 691 2500 γούνατα
729 2418 911 2497 μιχθῇ
949 2417 1050 2488 ἔξω
1087 2421 1192 2479 τοῦ
1233 2419 1374 2495 ἱροῦ·
1414 2415 1744 2495 ἐμβαλόντα
1781 2414 1844 2475 δὲ

232 2505 318 2566 δεῖ
331 2510 506 2567 εἰπεῖν
520 2505 775 2568 τοσόνδε·
808 2516 844 2543 “
862 2505 1136 2566 ἐπικαλέω
1158 2530 1250 2566 τοι
1263 2504 1368 2582 τήν
1385 2504 1512 2567 θεον
1527 2502 1841 2566 Μύλιττα·

231 2595 501 2656 Μύλιττα
525 2595 587 2655 δὲ
613 2594 882 2655 καλέουσι
915 2592 1021 2671 τὴν
1050 2593 1395 2671 Ἀφροδιτην
1412 2592 1731 2672 Ἀσσυριοι·
1770 2618 1838 2655 το

230 2682 354 2743 δὲ’
314 2682 586 2766 αργύριον
609 2681 908 2765 μέγαθός’
882 2708 1006 2743 εστι
1031 2680 1174 2743 ὅσον
1201 2707 1295 2743 ων·
1336 2680 1402 2741 οῦ
1439 2682 1551 2794 γὰρ
1575 2681 1657 2759 μή
1693 2679 1841 2742 σῖπῶ-

228 2796 423 2848 σηται·
466 2797 532 2831 ου
557 2770 667 2853 γάρ
695 2796 749 2830 οι
775 2769 985 2848 θεμις’
959 2771 1102 2830 εστί·
1140 2770 1353 2852 γίνεται
1389 2770 1501 2852 γοὶρ
1531 2771 1649 2849 ιρόν
1672 2773 1841 2831 τοῦτο

226 2859 293 2921 ra
326 2857 615 2942 α’ργῦριον·
669 2885 749 2938 τω
775 2857 849 2918 δὲ
886 2857 1087 2938 πρώτῳ
1130 2857 1509 2936 ἔμβαλόντι’
1482 2883 1686 2929 επεται,
1714 2856 1841 2917 οῦδὲ

228 2946 552 3026 ἀποδοκιμᾷ
589 2946 802 3007 οὐδένα·
854 2945 1021 3008 ε’πεαν
1064 2946 1128 3007 δε
1164 2947 1362 3026 μιχθῇ,
1399 2945 1838 3022 ἀποσιωσαμένη

226 3040 299 3142 τῇ
326 3036 437 3115 θεῷ
461 3033 907 3096 ἀπαλλάσσεται
945 3039 1003 3099 ἐς
1037 3060 1114 3096 τα
1140 3035 1302 3106 οἰκία,
1330 3035 1422 3094 καὶ
1445 3060 1597 3094 τωπο
1636 3059 1838 3095 τουτου

228 3123 328 3184 οὐκ
354 3149 503 3186 ουτω
543 3123 693 3206 μέγα
713 3123 776 3185 τί
806 3150 861 3184 οι
890 3122 1086 3235 δώσεις
1123 3121 1195 3185 ὥς
1223 3147 1322 3199 μιν
1353 3121 1623 3200 λάμψεαι.
1704 3120 1838 3182 ὅσαι

227 3212 331 3288 μέν
356 3237 460 3273 νυν
487 3211 657 3276 εἴδεός
678 3237 744 3273 τε
768 3211 1082 3289 ἐπαμμέναι
1109 3210 1221 3269 εἰσὶ
1257 3210 1351 3268 καὶ
1380 3207 1669 3289 μεγάθεος,
1692 3233 1838 3288 ταχυ

226 3298 727 3362 ἀπαλλάσσονται·
795 3298 930 3360 ὅσαι
995 3290 1057 3357 δὲ
1122 3295 1374 3375 ἄμορφοι
1435 3294 1641 3357 αὐτέων
1706 3298 1835 3366 εἶσὶ,
