2184 3517
355 100 452 150 180
949 98 1320 158 ‘HPOAOTOT
1681 121 1686 124 -
1783 125 1790 130 -
1852 96 1959 165 [Η.

355 179 655 256 κρατέοντα
681 178 839 240 εἶναι·
868 178 1113 240 ὕστατον
1133 179 1194 239 δὲ
1214 178 1384 255 αὐτῆς
1401 178 1758 257 βασιλεῦσαι
1774 177 1962 257 Ὦρον

352 267 454 327 τὸν
475 266 729 345 Ὀσίριος
753 267 943 337 παῖδα,
970 266 1070 327 τὸν
1094 265 1435 346 Ἀπόλλωνα
1449 266 1730 342 Ἕλληνες
1757 264 1962 343 ὄνομά-

354 356 535 425 ζουσι·
587 359 803 425 τοῦτον,
848 353 1287 415 καταπαύσαντα
1328 358 1572 430 Τυφῶνα
1603 356 1966 430 βασιλεῦσαι

354 440 599 503 ὕστατον
623 441 930 523 Αἰγύπτου.
999 440 1232 520 Ὄσιρις
1266 441 1330 502 δέ
1359 446 1484 516 ε’στι
1509 440 1791 506 Διόνυσος
1817 440 1963 503 κατὰ

355 527 612 589 Ἑλλάδα
636 534 936 611 γλῶσσαν.

262 618 376 677 145
431 616 530 678 Ἐν
552 617 808 694 Ἕλλησι
840 619 946 695 μέν
980 643 1077 679 νυν
1112 616 1375 679 νεώτατοι
1408 619 1520 678 τῶν
1547 617 1688 678 θεῶν
1713 617 1965 696 νομίζον-

352 728 445 766 ται
482 704 623 765 εἶναι
644 705 936 782 Ἡρακλῆς
968 731 1033 766 τε
1069 706 1163 765 καὶ
1188 704 1465 769 Διόνυσος
1499 705 1593 764 καὶ
1623 703 1773 765 Πάν·
1830 704 1967 783 παρ’

355 792 717 873 Αἰγυπτίοισι
743 793 802 852 δὲ
840 792 970 854 Πάν
1000 794 1105 871 μὲν
1141 791 1525 873 ἀρχαιότατος,
1555 793 1792 871 καὶτῶν
1819 792 1967 854 ὄκτῶ

352 883 464 941 τῶν
488 880 719 959 πρώτων
746 881 1064 962 λεγομένων
1102 882 1261 942 θεῶν·
1300 880 1591 959 Ἡρακλῆς
1617 882 1677 941 δὲ
1708 884 1822 941 τῶν
1847 880 1967 942 δευ-

352 969 541 1046 τέρων,
568 972 678 1030 τῶν
719 968 961 1030 δυώδεκα
999 969 1318 1049 λεγομένων
1359 968 1515 1029 εἶναι·
1566 966 1848 1032 Διόνυσος
1888 969 1963 1040 δὲ,

352 1060 464 1117 τῶν
487 1057 702 1135 τρίτων,
731 1057 785 1117 οἳ
811 1061 872 1116 ἐκ
895 1060 1006 1117 τῶν
1026 1055 1271 1117 δυώδεκα
1297 1057 1436 1119 θεῶν
1462 1057 1731 1137 ἐγένοντο.
1787 1055 1966 1135 Ἡρα-

357 1145 486 1204 κλέϊ
508 1147 612 1223 μὲν
638 1144 709 1221 δή
748 1143 860 1205 ὅσα
889 1143 1046 1204 αὐτοὶ
1071 1143 1375 1226 Αἰγύπτιοί
1404 1150 1554 1220 φασι
1581 1143 1720 1204 εἶναι
1753 1145 1881 1205 ἔτεα
1907 1150 1964 1209 ἒς

342 1231 597 1310 Ἀμασιν
631 1232 902 1311 βασιλέα,
931 1231 1242 1308 δεδήλωταί
1267 1231 1643 1310 μοι’πρόσθε·
1712 1231 1869 1293 Πανὶ
1901 1233 1963 1293 δὲ

352 1320 434 1380 ἔτι
472 1318 679 1381 τούτων
720 1321 935 1381 πλέονα
974 1320 1203 1400 λέγεται
1251 1319 1406 1390 εἶναι,
1456 1317 1713 1399 Διονύσῳ
1748 1318 1796 1378 δ’
1829 1320 1960 1381 ε’λά-

349 1433 528 1486 χιστα
564 1406 791 1468 τούτων·
840 1408 932 1467 καὶ
960 1406 1137 1487 τούτῳ
1176 1408 1612 1486 πεντακισχίλια
1651 1407 1747 1466 καὶ
1784 1407 1961 1485 μύρια

350 1495 671 1576 λογίζονται
713 1493 852 1554 εἶναι
893 1500 949 1559 ἐς
991 1492 1245 1572 ’Ἀμασιν
1281 1495 1557 1571 βασιλέα.
1640 1494 1733 1554 καὶ
1779 1499 1960 1556 ταῦτα

350 1580 647 1663 Αἰγύπτιοι
678 1581 944 1659 ἀτρεκέως
981 1582 1133 1658 φασὶ
1168 1582 1527 1653 ἐπίστασθαι,
1554 1586 1667 1642 αἰεί
1698 1608 1762 1643 τε
1798 1586 1956 1664 λογι-

350 1669 571 1747 ζόμενοι
603 1670 695 1729 καὶ
731 1670 838 1729 αἰεὶ
871 1669 1338 1753 ἀπογραφόμενοι
1366 1669 1440 1731 τοὶ
1471 1670 1608 1730 ἔτεα.
1695 1670 1957 1752 Διονύσῳ

347 1757 453 1834 μέν
479 1784 575 1819 νυν
596 1763 676 1837 τῷ
701 1762 762 1818 ἐκ
799 1757 1051 1835 Σεμέλης
1081 1761 1186 1834 τῆς
1220 1757 1457 1835 Κάδμου
1492 1758 1781 1839 λεγομένῳ
1805 1761 1957 1839 γενέ-

350 1847 505 1915 σθαι,
550 1845 690 1905 κατὰ
731 1844 998 1915 ἑξακόσια
1036 1847 1160 1906 ἔτεα
1202 1845 1295 1906 καὶ
1327 1847 1490 1926 χίλια
1528 1845 1789 1923 μάλιστοὶ
1828 1850 1958 1908 ε’στι

349 1938 405 1998 ἐς
445 1935 561 2010 ε’μέ·
612 1933 888 2011 Ἡρακλέϊ
920 1935 980 1995 δὲ
1008 1960 1087 2013 τῳ
1115 1933 1439 2011 Ἀλκμήνης
1479 1958 1622 1992 κατα
1666 1933 1957 1995 εἰνακόσια

348 2021 491 2083 ἔτεα·
541 2023 692 2083 Πανὶ
736 2022 795 2082 δὲ
833 2048 911 2102 τῳ
950 2027 1011 2082 ἐκ
1050 2021 1404 2099 Πηνελόπης,
1453 2023 1537 2102 (ἐκ
1587 2020 1792 2127 ταύτης
1840 2049 1954 2104 γαρ

349 2109 443 2168 καὶ
467 2107 684 2187 Ἑρμέω
715 2110 944 2193 λέγεται
973 2108 1297 2192 γενέσθαι
1263 2136 1374 2169 υπο
1399 2095 1750 2185 Ἑλλήνων“
1717 2136 1749 2169 ο
1778 2109 1953 2192 Πάν)

346 2197 635 2258 ε’λάσσω”
605 2198 728 2259 ετεοὶ
755 2202 880 2258 ε’στι
910 2202 1021 2259 τῶν
1057 2200 1330 2275 Τρωῖκων,
1360 2197 1501 2257 κατοὶ
1532 2195 1606 2256 τοὶ
1641 2195 1953 2257 ὀκτακόσια

254 2286 367 2346 146
385 2286 644 2363 μάλιστα
682 2292 739 2352 ἐς
769 2288 885 2364 ε’μέ.
966 2284 1189 2347 Τούτων
1226 2284 1306 2346 ὧν
1345 2284 1680 2363 ἀμφοτέρων
1705 2285 1952 2362 πάρεστι

342 2376 595 2453 χρᾶσθαι
638 2376 797 2436 τοῖσί
843 2400 929 2439 τις
979 2374 1237 2449 πείσεται
1286 2373 1649 2454 λεγομένοισι
1698 2377 1950 2450 μᾶλλον·

345 2462 470 2538 ἐμοὶ
512 2463 558 2522 δ’
601 2461 676 2523 ὦν
716 2462 756 2540 ἤ
797 2463 928 2539 περὶ
974 2460 1157 2522 αὐτῶν
1197 2460 1391 2543 γνώμη
1436 2461 1818 2521 ἀποδέδεκται.
1902 2466 1953 2523 εἰ

347 2552 451 2626 μὲν
479 2550 589 2630 γοὶρ
632 2552 869 2627 φανεροί
902 2575 965 2611 τε
1005 2550 1260 2630 ἐγένοντο
1301 2549 1395 2608 καὶ
1434 2549 1828 2631 κατεγήρασαν
1856 2550 1951 2609 καὶ

343 2661 497 2696 ουτοι
522 2642 580 2695 ἐν
603 2640 676 2714 τῇ
700 2636 954 2708 Ελλάδι,
981 2637 1228 2716 κατάπερ
1255 2636 1631 2714 Ἡρακλέης
1598 2663 1630 2696 ο
1659 2636 1755 2707 ε’ξ’
1756 2643 1949 2714 Αμφι-

340 2721 577 2799 τρύωνος
609 2722 921 2803 γενόμενος,
956 2724 1049 2783 καὶ
1080 2725 1149 2800 δη
1189 2725 1282 2784 καὶ
1308 2724 1586 2788 Διόνυσος
1624 2751 1655 2784 o
1685 2729 1748 2784 ἐκ
1776 2727 1947 2802 Σεμέ-

339 2813 463 2886 λης,
490 2809 583 2868 καὶ
609 2809 797 2871 Πᾶν
765 2838 797 2870 ο
825 2814 885 2870 ἐκ
918 2811 1256 2888 Πηνελόπης
1291 2811 1601 2893 γενόμενος,
1630 2811 1806 2889 ἔφη’
1769 2839 1837 2872 αν
1862 2838 1949 2876 τις

339 2897 432 2956 καὶ
470 2896 701 2961 τούτους
753 2896 982 2969 αλλους,
1031 2896 1232 2977 ἄνδρας
1276 2900 1623 2982 γενομένους,
1672 2901 1820 2980 ἔχειν
1872 2900 1947 2961 τὰ

336 2985 552 3045 ε’κεινων
592 2984 872 3061 ουνόματα
909 2990 1020 3046 τῶν
1059 2985 1482 3068 προγεγονότων
1523 2988 1681 3048 θεῶν·
1744 2992 1843 3048 νῦν
1884 2988 1946 3049 δὲ

337 3070 614 3131 Διόνυσόν
647 3096 712 3130 τε
742 3072 979 3153 λέγουσι
1018 3075 1073 3132 οἱ
1103 3072 1398 3149 Ἕλληνες,
1435 3099 1508 3137 ως
1547 3072 1746 3134 αὐτίκα
1784 3074 1944 3156 γενό-

334 3181 503 3234 μενον
538 3161 593 3219 ἐς
622 3182 723 3216 τον
759 3158 940 3236 μηρὸν
977 3157 1318 3237 ἐνερράψατο
1357 3160 1493 3223 Ζεῦς
1534 3162 1626 3220 καὶ
1665 3160 1850 3237 ἤνεικε
1887 3166 1943 3226 ἐς

336 3240 537 3301 Νύσαν
572 3267 676 3318 την
708 3243 846 3322 ὕπερ
881 3246 1170 3327 Αἰγύπτου
1211 3249 1416 3306 εὀῦσαν
1453 3251 1511 3307 ἐν
1546 3252 1620 3327 τῇ
1645 3250 1941 3330 Αἰθιοπίῃ·
