2184 3517
804 397 1514 471 ‘HPOAOTOY

694 546 1211 619 ἸΣΤΟΡΙΩΝ
1281 553 1615 619 ΤΡΙΤΗ.

1052 722 1253 751 ...q—-

998 849 1303 906 ΘΑΛΕῙΑ.

375 943 537 1002 ἘΠΙ
565 946 766 1004 τοῦτον
792 943 860 1020 δὴ
886 945 985 1006 τᾶν
1008 945 1263 1024 Ἀμασιν
1291 949 1615 1026 Καμβύσης
1646 947 1680 1009 ὅ
1712 947 1903 1025 Κύρου
1933 947 1964 1005 1

293 1031 675 1107 ἐστρατεύετο,
695 1030 842 1113 ἄγων
864 1035 957 1092 καὶ
976 1032 1188 1098 ἄλλους
1206 1040 1316 1094 τῶν
1336 1035 1475 1114 ἦρχε
1497 1037 1588 1094 καὶ
1607 1034 1899 1111 Ἑλλήνων

285 1115 481 1183 Ἴωνάς
517 1145 583 1179 τε
622 1120 715 1179 καὶ
756 1121 1011 1189 Αἰολέας,
1052 1120 1122 1179 δι’
1165 1122 1345 1197 αἰτίην
1383 1122 1621 1198 τοιήνδε·
1670 1122 1899 1199 πέμψας

294 1206 624 1284 Καμβύσης
663 1212 718 1271 ἐς
753 1209 1039 1289 Αἴγυπτον
1074 1207 1302 1284 κήρυκα,
1337 1209 1484 1269 αἴτεε
1513 1208 1771 1285 ’Άμασιν
1806 1210 1901 1269 θυ-

292 1296 522 1373 γατέρα·
564 1296 712 1354 αἴτεε
750 1294 811 1354 δὲ
850 1299 910 1354 ἐκ
947 1296 1306 1372 συμβουλίης
1342 1296 1540 1374 οἷνδρὸς
1571 1297 1893 1377 Αἰγυπτίου,

294 1408 357 1445 ος
395 1382 767 1495 μεμφόμενος
785 1381 1040 1460 ’Ἀμασιν
1083 1384 1286 1462 ἔπρηξε
1327 1388 1522 1455 ταῦτα,
1565 1382 1653 1444 ὅτι
1695 1409 1794 1461 μιν
1834 1386 1898 1455 ἐξ

293 1468 551 1530 ἁπάντων
589 1475 700 1530 τῶν
741 1477 801 1531 ἐν
841 1470 1107 1552 Αἰγύπτῳ
1152 1473 1352 1549 ἰητρῶν
1394 1471 1741 1536 ἀποσπάσας
1778 1472 1892 1533 οἷπο

291 1558 550 1637 γυναικός
592 1584 656 1618 τε
700 1559 791 1617 καὶ
833 1561 1051 1631 τέκνων,
1099 1560 1323 1620 ἔκδοτον
1366 1562 1598 1637 ἐποίησε
1644 1566 1699 1623 ἐς
1746 1560 1893 1638 Πέρ-

291 1671 417 1716 σας,
444 1646 541 1706 ὅτε
569 1650 758 1725 Κῦρος
792 1648 1019 1725 πέμψας
1048 1648 1205 1724 παρὰ
1232 1646 1488 1725 ’Άμασιν
1523 1648 1672 1709 αἴτεε
1710 1648 1896 1726 ἰητρὸν

291 1732 608 1811 ὀφθαλμῶν
627 1734 688 1798 ὃς
716 1736 799 1811 εἴη
820 1734 1051 1812 ἄριστος
1076 1740 1188 1796 τῶν
1214 1742 1273 1796 ἐν
1299 1735 1583 1817 Αἰγύπτῳ·
1617 1740 1793 1796 ταῦτα
1819 1735 1888 1811 δὴ

291 1821 746 1900 ἐπιμεμφόμενος
792 1823 824 1884 ὁ
873 1824 1195 1905 Αἰγύπτιος,
1240 1829 1402 1905 ἐνῆγε
1446 1828 1520 1903 τῇ
1565 1819 1893 1904 συμβουλίῃ

290 1910 533 1971 κελεύων
570 1912 767 1970 αἰτέειν
804 1912 905 1972 τᾶν
945 1912 1276 1989 Καμβύσεα
1304 1912 1560 1990 Ἀμασιν
1596 1912 1892 1993 θυγατέρα·

290 1998 385 2058 ἵνα
418 1996 456 2074 ἢ
488 1997 617 2061 δοῦς
650 1998 867 2079 ἀνιῷτο,
895 1998 932 2076 ἢ
963 2001 1044 2076 μή
1073 1999 1201 2064 δούς
1237 2000 1534 2079 Καμβύσῃ
1566 1999 1891 2079 ἀπέχθοιτο·

289 2084 324 2146 ὅ
368 2085 428 2146 δὲ
458 2085 727 2163 Ἀμασις,
759 2091 830 2166 τῇ
867 2087 1092 2165 δυνάμει
1131 2092 1241 2148 τῶν
1277 2089 1546 2166 Περσέων
1583 2086 1895 2166 ἀχθόμενος

291 2174 385 2233 καὶ
410 2173 710 2252 α’ρρωδέων,
733 2175 832 2234 οὐκ
854 2176 971 2256 εἶχε
998 2176 1124 2236 οὔτε
1152 2177 1342 2236 δοῦναι
1369 2175 1494 2235 οὔτε
1515 2174 1891 2252 ἀρνήσασθαι·

292 2262 353 2321 εὖ
393 2262 505 2342 γάρ
548 2263 830 2339 η’πίστατο
878 2263 965 2324 ὅτι
1011 2264 1112 2324 ούκ
1162 2264 1232 2328 ὥς
1271 2262 1505 2345 γυναῖκά
1551 2289 1648 2339 μιν
1690 2264 1893 2338 ἔμελλε

292 2350 623 2428 Καμβύσης
649 2353 788 2422 ἕξειν
812 2352 943 2412 ἀλλ’
972 2353 1043 2418 ὦς
1068 2351 1388 2427 παλλακήν·
1429 2355 1606 2412 ταῦτα
1637 2350 1705 2425 δή
1733 2354 1890 2410 ἐκλο-

290 2439 596 2519 γιζόμενος,
635 2441 867 2517 ἐποίησε
900 2440 1052 2502 τάδε·
1092 2441 1164 2517 ἦν
1197 2440 1436 2517 Ἀπρίεω
1476 2442 1577 2498 τοῦ
1617 2438 1891 2515 προτέρου

290 2527 571 2602 βασιλέος
621 2529 867 2610 θυγάτηρ
913 2528 1089 2606 κάρτα
1139 2527 1363 2609 μεγάλη
1407 2554 1471 2588 τε
1523 2528 1615 2586 καὶ
1667 2525 1889 2601 εύειδης,

203 2673 212 2678 .
290 2615 470 2693 μούνη
494 2620 596 2676 τοῦ
623 2618 776 2677 οἴκου
807 2618 1169 2721 λελειμμένη·
1209 2642 1419 2693 ουνομα
1445 2616 1507 2675 δέ
1539 2618 1593 2675 οἱ
1618 2614 1689 2691 ἦν
1715 2613 1887 2689 Νίτη-

288 2728 389 2768 τις·
429 2704 639 2781 ταύτην
672 2705 741 2781 δὴ
766 2705 871 2782 τὴν
905 2683 1079 2764 παιδα
1117 2705 1148 2765 ὁ
1178 2703 1430 2781 ’Ἀμασις
1465 2703 1763 2780 κοσμήσας
1796 2707 1887 2762 ε’σ-

290 2791 425 2868 θῆτί
441 2819 509 2853 τε
533 2794 627 2852 καὶ
650 2799 862 2872 χρυσῷ,
890 2792 1208 2870 οἷποπέμπει
1241 2798 1296 2855 ἐς
1329 2793 1560 2868 Πέρσας
1593 2790 1664 2853 ὥς
1691 2792 1890 2849 ἑωυτοῦ

287 2881 586 2963 θυγατέρα·
618 2882 762 2957 μετὰ
788 2882 847 2940 δὲ
866 2881 1070 2960 χρόνον
1089 2880 1159 2942 ὥς
1184 2904 1281 2955 μιν
1299 2879 1587 2956 ἠσπάζετο
1612 2875 1891 2953 πατρόθεν

283 2968 622 3045 οὗνομάζων,
650 2970 806 3050 λέγει
840 2968 981 3045 πρὸς
1015 2966 1185 3025 αύτόν
1215 2966 1252 3040 ἦ
1285 2970 1435 3028 παῖς·
1479 2974 1514 2999 “
1534 2964 1576 3022 ὦ
1616 2966 1884 3040 βασιλεῦ,

281 3054 742 3133 διαβεβλημένος
776 3056 887 3115 ὖπὸ
924 3052 1200 3129 Ἀμάσιος
1241 3052 1305 3111 ού
1341 3050 1653 3129 μανθάνεις,
1685 3050 1748 3112 ὃς
1789 3050 1890 3126 ε’μέ

281 3169 382 3203 σοι
420 3144 618 3222 κόσμῳ
643 3142 902 3218 ασκήσας
937 3139 1233 3216 ἀπέπεμψε
1269 3138 1341 3201 ὥς
1377 3142 1577 3197 ἑωυτοῦ
1612 3136 1889 3218 θυγατέρα

282 3230 469 3294 διδους
496 3234 699 3290 ἐοῦσαν
722 3234 794 3309 τῇ
818 3227 1062 3304 άληθηΐη
1086 3225 1344 3303 Ἀπρίεω·
1374 3224 1476 3286 τᾶν
1496 3228 1701 3288 ἐκεῖνος
1726 3223 1887 3285 ε’όντα
