2184 3517
233 117 462 183 94-96]
929 117 1157 166 mmm.
1460 125 1467 134 ·
1782 119 1848 166 49

232 194 613 278 λαγχανούσῃ
638 197 751 256 τῶν
776 196 1010 273 μοιρέων
1038 192 1238 255 ἑωυτὸν
1261 193 1363 255 τᾶν
1387 194 1642 270 βασιλέα
1666 221 1845 272 προσ-

231 283 496 355 τάσσειν,
551 284 643 343 ἐπὶ
697 282 758 343 δὲ
808 285 881 361 τῇ
946 281 1441 361 ἀπαλλασσομένῃ
1491 280 1593 343 τᾶν
1646 286 1847 346 ἑωυτοῦ

232 373 434 446 παῖδα,
454 376 532 450 τῷ
559 370 771 449 οὔνομα
793 371 930 432 εἶναι
948 369 1257 448 Τυρσηνόν·
1285 369 1567 449 λαχόντας
1586 371 1646 431 δὲ
1666 371 1846 434 αὐτῶν

232 461 373 524 τούς
421 461 637 538 ἑτέρους
685 460 885 530 ἐξιέναι
927 464 988 519 ἐκ
1034 461 1138 535 τῆς
1182 457 1381 537 χώρης,
1431 460 1747 535 καταβῆναι
1795 466 1852 526 ἐς

238 548 508 659 Σμύρνην
533 549 628 607 καὶ
654 546 1099 627 μηχανήσασθαι
1123 550 1373 617 πλοΐα,’
1346 572 1401 610 ες
1422 545 1495 605 τοὶ
1521 548 1853 624 ἐσθεμένους

236 637 319 697 τοὶ
359 637 546 697 πάντα
586 634 701 696 ὅσα
735 642 848 711 σφι
884 635 956 711 ἦν
992 661 1218 714 χρηστα
1258 634 1520 706 ἐπιπλοα,
1548 633 1854 698 ἀποπλέειν

240 724 393 785 κατὰ
432 725 570 801 βίου
608 750 674 786 τε
714 724 808 784 καὶ
847 728 953 805 γῆς
995 722 1246 800 ζήτησιν·
1290 729 1345 787 ἐς
1386 751 1418 784 ο
1462 725 1620 786 ἔθνεα
1653 725 1851 786 πολλοὶ
1871 733 2038 789 W&

240 812 778 891 παραμειψαμένους
830 811 1132 872 ἀπικέσθαι
1184 816 1240 876 ἐς
1290 809 1654 891 Ὀμβρικούς·
1723 816 1854 875 ἔνθα

241 902 439 977 σφέας
489 899 889 978 ἐνιδρύσασθαι
933 897 1141 963 πόλιας
1188 899 1281 958 καὶ
1335 901 1530 960 οἰκέειν
1575 901 1641 961 τὰ
1684 903 1853 986 μέχρι

241 989 434 1049 τοῦδε·
460 987 582 1048 ἀντὶ
602 988 662 1048 δὲ
686 987 883 1048 Λυδῶν
906 988 1398 1064 μετονομασθῆναι
1420 986 1618 1051 αὐτ-οὒς
1644 990 1734 1048 ἐπὶ
1753 995 1854 1051 τοῦ

244 1077 534 1154 βασιλέος
566 1080 669 1137 τοῦ
694 1075 892 1140 παιδὸς
927 1074 988 1139 ὅς
1026 1081 1214 1151 σφεας
1239 1074 1500 1156 ἀνήγαγε,
1531 1077 1623 1135 ἐπὶ
1654 1076 1855 1137 τούτου

243 1162 362 1239 τήν
387 1164 697 1242 ἐπωνυμίην
719 1164 1078 1239 ποιευμένους
1105 1162 1491 1239 ὀνομασθῆναι
1516 1165 1855 1241 Τυρσηνούς.

246 1252 432 1312 Λυδοὶ
455 1255 557 1330 μὲν
583 1253 650 1329 δή
675 1251 785 1312 ὖπὸ
812 1251 1080 1332 Πέρσῃσι
1112 1251 1469 1312 ὃεδούλωντο.

339 1339 681 1418 Ἐπιδίζηται
707 1341 768 1400 δὲ
793 1340 861 1416 δή
888 1341 954 1400 τὸ
982 1339 1293 1402 ἐνθεῦτενε
1254 1345 1391 1417 ημῖν
1417 1340 1449 1401 ὅ
1475 1339 1648 1423 λόγος
1672 1341 1771 1403 τόν
1793 1370 1856 1403 τε
1873 1346 1951 1405 95

251 1428 517 1506 Κυρον“’
487 1455 667 1492 οστις
685 1429 788 1490 ἐων
817 1427 923 1506 τήν
962 1429 1218 1507 Κροίσου
1260 1427 1443 1508 οἷρχην
1485 1434 1722 1501 κατεῖλε,
1769 1431 1860 1490 καὶ

248 1542 389 1580 τους
415 1516 705 1594 Πέρσας”
672 1543 810 1577 οτεω
834 1516 1023 1596 τρόπω
1047 1515 1341 1597 ἡγήσαντο
1364 1521 1494 1591 τῆς·
1491 1516 1707 1594 Ἀσίης.
1791 1518 1862 1584 ὥς

253 1603 338 1664 ὦν
364 1606 633 1683 Περσέων
662 1604 1008 1683 μετεξέτεροι
1037 1604 1291 1685 λέγουσι,
1320 1608 1374 1664 οἱ
1407 1604 1488 1682 μή
1519 1605 1861 1683 βουλόμενοι

253 1696 505 1769 σεμνοῦν
526 1692 599 1753 τοὶ
618 1694 748 1771 περὶ
774 1696 966 1769 Κῦρον
984 1691 1141 1751 ἀλλὰ
1165 1692 1264 1752 τὸν
1283 1691 1446 1753 ἐόντα
1465 1693 1651 1775 λέγειν
1670 1693 1862 1776 λόγον,

254 1779 405 1839 κατ-οἷ
429 1784 605 1841 ταῦτα
627 1780 845 1862 γράψω,
875 1778 1245 1858 ἐπιστάμενος
1267 1781 1395 1858 περὶ
1422 1780 1612 1859 Κύρου
1633 1784 1726 1842 καὶ
1749 1809 1863 1861 τρι-

254 1868 480 1944 φασίας
493 1867 679 1932 ἄλλας
694 1866 882 1950 λόγων
901 1866 1062 1932 ὁδοῦς
1082 1872 1276 1945 φῆναι.
1333 1869 1651 1947 Ἀσσυρίων
1666 1869 1864 1950 α’,ρχόν-
1909 1900 2018 1936 ‚Vx

252 1981 369 2016 των
393 1960 498 2033 τῆς
520 1956 632 2017 ἅνω
663 1956 866 2033 Ἀσίης
898 1956 983 2016 ἐπ’
1010 1959 1133 2016 ἔτεα
1166 1957 1346 2018 εἴκοσι
1379 1958 1471 2016 καὶ
1506 1958 1863 2031 πεντακόσια,

254 2048 474 2121 πρῶτοι
507 2044 602 2104 ἀπ’
639 2044 821 2105 mk&
856 2045 1048 2120 Μῆδοι
1081 2043 1321 2122 ἤρξαντο
1358 2044 1731 2108 ἀπίστασθαι·
1774 2073 1866 2107 και

258 2156 372 2195 κως
414 2131 567 2193 οὗτοι
605 2133 736 2211 περὶ
779 2137 883 2209 τῆς
908 2133 1238 2209 ἐλευθερίης
1281 2133 1669 2212 μαχεσάμενοι
1715 2139 1868 2196 τοῖσι

256 2219 644 2298 Ἀσσυρίοισι,
663 2221 918 2303 ἐγένοντο
938 2221 1131 2298 ανδρες
1149 2221 1369 2302 αγαθοί·
1399 2222 1490 2279 καὶ
1506 2221 1866 2298 ἀπωσάμενοι

256 2307 370 2385 τὴν
400 2309 761 2386 δουλοσύνην,
788 2307 1273 2386 ἠλευθερώθησαν.
1354 2307 1497 2385 μετὰ
1531 2308 1591 2366 δὲ
1621 2308 1866 2381 τούτους,

260 2398 361 2457 καὶ
405 2397 479 2457 τὰ
523 2396 680 2457 ἄλλα
732 2397 892 2458 ἔθνεα
937 2397 1119 2456 ἐποίεε
1138 2418 1142 2423 ·
1163 2395 1338 2456 τῶυτό
1389 2398 1543 2455 τοῖσι
1594 2395 1869 2471 Μήδοισι.

262 2485 468 2546 ἐόντων
502 2485 564 2545 δὲ
594 2484 914 2562 αὗτονόμων
949 2483 1172 2544 πάντων
1211 2482 1316 2543 οἷνοὶ
1354 2483 1460 2560 τήν
1496 2483 1727 2560 ἤπειρον
1767 2483 1871 2545 ὦδε

262 2571 425 2637 αὖτις
449 2579 507 2637 ἐς
533 2574 857 2651 τυραννίδας
887 2573 1216 2650 περιῆλθον·
1255 2571 1426 2650 Ἀνήρ
1461 2579 1519 2633 ἐν
1551 2577 1707 2633 τοῖσι
1742 2574 1869 2650 Μή·
1888 2577 1965 2636 96

261 2661 423 2720 ὃοισι
451 2662 670 2743 ἐγένετο
702 2660 891 2737 σοφός
923 2664 1000 2740 τῷ
1025 2659 1235 2737 οὕνομα
1270 2659 1339 2737 ἦν
1366 2661 1627 2738 Δηῖόκης,
1654 2667 1785 2727 παῖς
1811 2664 1872 2725 δὲ

260 2748 339 2825 ἦν
362 2748 678 2827 Φραόρτεω·
721 2746 882 2813 οὗτος
913 2747 946 2808 ὅ
984 2747 1231 2825 Δηῖόκης
1267 2751 1521 2825 ἐρασθεὶς
1554 2751 1872 2828 τυραννίδος

264 2837 450 2898 ἐποίεε
468 2836 676 2898 τοιάδε.
734 2837 1142 2913 κατοικημένων
1158 2840 1268 2896 τῶν
1287 2836 1499 2913 Μήδων
1513 2837 1654 2897 κατὰ
1671 2837 1870 2914 κώμας,
1947 2843 1960 2857 “

265 2930 329 2986 ἐν
351 2929 427 3005 τῇ
452 2929 657 2985 ἑωυτοῦ
691 2923 795 2985 ἐῶν
829 2926 922 2984 καὶ
951 2923 1225 3002 πρότερον
1261 2924 1486 3001 δόκιμος
1523 2923 1616 2983 καὶ
1644 2926 1873 3000 μᾶλλόν

246 3034 327 3074 ’τι
353 3015 448 3075 καὶ
481 3011 904 3091 προθυμότερον
941 3011 1296 3087 δικαιοσύνην
1327 3012 1647 3086 ἐπιθέμενος
1681 3009 1871 3086 ἤσκεε·

268 3103 362 3162 καὶ
384 3105 568 3162 ταῦτα
592 3103 800 3179 μέντοι,
819 3100 1020 3176 ἐούσης
1045 3098 1276 3175 αἶνομίης
1300 3103 1524 3172 πολλῆς
1550 3097 1656 3157 dv&
1681 3102 1875 3159 πᾶσαν

264 3189 375 3267 τήν
414 3185 695 3267 Μηδικὴν,
725 3189 908 3247 ἐποίεε
948 3193 1314 3262 ἐπισταμενος
1353 3210 1440 3244 οτι
1478 3189 1556 3262 τῷ
1586 3184 1773 3265 δικαίῳ
1807 3186 1875 3246 τό

266 3277 463 3339 ἄδικον
507 3275 787 3354 πολέμιόν
829 3280 971 3335 ἐστι·
1028 3278 1082 3334 οἱ
1127 3273 1175 3333 δ’
1217 3279 1277 3332 ἐκ
1328 3276 1429 3349 τῆς
1469 3272 1639 3348 αὐτῆς
1691 3274 1875 3350 κώμης

415 3363 442 3405 5
