2184 3517
210 114 493 180 147-151]
871 115 1140 166 oAAmA.
1711 115 1812 172 273

207 194 281 257 τοὶ
304 193 566 273 ποτήρια,
594 193 926 272 ἀπεθώμαζέ
950 220 1015 255 τε
1041 196 1136 255 καὶ
1164 191 1570 273 ἐξεπλήσσετο,
1598 197 1630 257 ὅ
1654 197 1716 257 δὲ
1740 195 1811 259 ἂν

209 283 432 343 ἐκέλευε
470 281 639 343 αὖτὸν
681 281 1073 360 ἀποφέρεσθαι
1124 281 1303 344 αὐτῶν
1344 283 1458 344 ὅσα
1510 283 1806 360 βούλοιτο·

207 375 379 431 τοῦτο
405 371 500 430 καὶ
524 370 607 433 δὶς
633 370 725 429 καὶ
750 371 869 447 τρὶς
895 371 1151 433 εἴπαντος
1177 372 1542 448 Μαιανδρίου,
1570 372 1604 431 ὁ
1632 376 1814 434 Κλεο·

206 460 380 537 μένης
394 457 741 521 δικαιότατος
767 457 980 536 α’νδρῶν
993 459 1225 539 γίνεται,
1241 457 1306 521 ὃς
1320 461 1528 535 λαβεῖν
1542 461 1646 534 μὲν
1666 459 1811 521 διδό·

207 572 353 624 μενα
387 545 490 605 οὐκ
522 545 777 605 ἐδικαίευ·
816 544 1013 623 μαθων
1039 545 1101 605 δὲ
1132 545 1204 609 ὥς
1229 543 1468 606 ἅλλοισι
1494 545 1674 610 διδοΰς
1702 551 1812 609 τῶν

208 633 403 694 οἰστῶν
444 632 741 710 εὑρήσεται
783 633 1067 711 τιμωρίην,
1114 633 1229 709 βὰς
1270 634 1364 693 ἐπὶ
1402 633 1535 698 τούς
1575 633 1814 711 ἐφόρους

208 720 440 799 ἄμεινον
468 721 607 781 εἶναι
632 721 742 796 ἔφη
766 724 840 799 τῇ
867 722 1104 800 Σπάρτῃ
1137 719 1249 782 τὸν.
1265 721 1444 792 ξεῖνον
1467 720 1570 782 τᾶν
1596 720 1815 799 Σάμιον

208 808 703 869 ἀπαλλάσσεσθαι
733 814 794 868 ἐκ
824 813 925 884 πῆς
960 809 1426 885 Πελοποννήσου,
1458 812 1547 870 ἵνα
1572 810 1653 886 μὴ
1681 811 1811 871 α’να-

207 898 387 975 πείσῃ
431 894 469 972 ἢ
512 894 680 957 αὗτὸν
724 894 762 971 ἢ
808 894 991 955 ἄλλον
1028 896 1155 956 τινοὶ
1207 898 1598 974 Σπαρτιητέων
1643 899 1815 959 κακὰν

205 985 497 1065 γενέσθαι·
552 986 607 1043 οἱ
651 982 699 1043 δ’
744 982 1164 1047 ὖπακούσαντες
1216 983 1547 1061 ἐξεκήρυξαν
1598 985 1814 1046 Μαιάν-

206 1073 388 1152 δριον.
467 1070 585 1148 Τὴν
628 1071 690 1131 δὲ
732 1069 928 1148 Σάμον
965 1069 1413 1152 σαγηνεύσαντες
1454 1075 1509 1132 οἳ
1549 1073 1775 1150 Πέρσαι
1792 1075 1907 1134 149

204 1160 535 1236 παρέδοσαν
561 1160 907 1230 Συλοσῶντι,
935 1163 1144 1237 ἐρῆμον
1171 1163 1378 1220 ἐοῦσαν
1412 1158 1644 1237 άνδρῶν.
1710 1159 1813 1221 ὕσ-

204 1248 354 1326 τέρῳ
386 1248 579 1325 μέντοι
618 1245 801 1325 χρόνῳ
828 1246 922 1305 καὶ
953 1246 1355 1328 συγκατοίκισε
1381 1246 1556 1322 αὐτὴν
1580 1247 1614 1308 ὁ
1639 1269 1810 1326 στρα-

203 1334 384 1417 τ-ηγὸς
408 1333 664 1410 Ὀτάνης,
693 1334 754 1393 ἔκ
777 1358 840 1392 τε
866 1331 1028 1412 ὄψιος
1054 1332 1272 1412 ὀνείρου
1300 1335 1392 1393 καὶ
1417 1335 1626 1395 νούσου
1651 1335 1689 1412 ἦ
1712 1361 1813 1413 μιν

206 1423 497 1498 κατέλαβε
521 1426 769 1496 νοσῆσαι
789 1420 862 1480 τὰ
888 1421 1089 1481 αἰδοῖα.

289 1509 423 1570 Ἐπὶ
449 1510 509 1569 δὲ
535 1508 728 1585 Σάμον
752 1508 1173 1586 στρατεύματος
1199 1516 1458 1572 ναυτικοῦ
1478 1512 1772 1592 οἰχομένου
1791 1501 1909 1574 15⁸0

201 1596 571 1674 Βαβυλώνιοι
606 1594 954 1672 ἀπέστησαν,
983 1597 1162 1676 κάρτα
1188 1596 1248 1657 εὖ
1273 1600 1811 1677 παρεσκευασμένοι.

200 1692 268 1747 ἐν
301 1684 421 1766 ὅσῳ
453 1684 565 1768 γὰρ
591 1684 625 1745 ὅ
649 1709 713 1746 τε
739 1683 943 1765 Μάγος
972 1684 1117 1764 ἦρχε
1143 1684 1234 1744 καὶ
1260 1689 1315 1745 οἱ
1340 1686 1481 1747 ἑπτὰ
1508 1688 1809 1765 ἐπανέστη-

200 1799 339 1844 σαν,
365 1778 426 1834 ἐν
446 1772 624 1853 τούτῳ
649 1773 818 1834 παντὶ
839 1776 919 1852 τῷ
943 1772 1128 1851 χρόνῳ
1157 1773 1253 1832 καὶ
1275 1777 1348 1853 τῇ
1372 1778 1596 1855 ταραχῇ
1624 1780 1680 1840 ἐς
1703 1774 1812 1852 τήν

198 1861 541 1939 πολιορκίην
564 1859 1038 1938 παρεσκευάδατο·
1081 1860 1180 1920 καί
1201 1886 1307 1924 κως
1329 1866 1508 1922 ταῦτα
1530 1866 1813 1927 ποιεῦντες

201 1948 535 2010 ἐλάνθανον.
604 1949 729 2008 ἐπεί
754 1972 817 2007 τε
847 1948 908 2007 δὲ
940 1951 1002 2007 ἐκ
1026 1952 1128 2008 τοῦ
1155 1949 1433 2025 ἐμφανέος
1459 1948 1809 2028 ἀπέστησαν,

201 2035 484 2112 ἐποίησαν
520 2034 753 2095 τοιόνδε·
805 2034 906 2099 ταῖς
948 2034 1194 2112 μητέρας
1238 2036 1536 2107 ἐξελόντες,
1575 2043 1812 2119 γυναῖκα

202 2125 446 2187 ἕκαστος
484 2124 622 2201 μίαν
663 2123 1092 2202 προσεξαιρέετο
1130 2123 1236 2200 τὴν
1274 2123 1548 2199 ἐβούλετο
1593 2131 1655 2185 ἐκ
1700 2131 1811 2188 τῶν

197 2216 410 2272 ἑωυτοῦ
446 2211 649 2272 οἰκίων·
688 2210 792 2280 *reis
815 2210 877 2270 δὲ
902 2211 1108 2274 λοιπὰς
1135 2208 1364 2274 ἁπάσας
1399 2213 1810 2294 συναγαγόντες

195 2299 534 2369 ἀπέπνιξαν·
586 2298 692 2374 τήν
740 2298 800 2358 δὲ
845 2297 981 2374 μίαν
1024 2300 1264 2361 ἕκαστος
1309 2299 1604 2360 σιτοποιὸν
1659 2300 1799 2371 ἐξαι-

195 2387 382 2465 ρέετο·
424 2385 733 2456 ἀπέπνιξαν
764 2385 825 2445 δὲ
864 2384 1036 2450 αὐτοῖς
1066 2386 1159 2446 ἶνα
1189 2384 1272 2462 μή
1299 2391 1494 2461 σφεων
1517 2386 1618 2447 τὸν
1643 2390 1808 2447 σῖτον

195 2473 655 2551 ἀναισιμώσωσι.
711 2472 1038 2550 Πυθόμενος
1062 2473 1125 2532 δὲ
1146 2475 1324 2533 ταῦτα
1348 2472 1383 2533 ὅ
1404 2476 1657 2550 Δαρεῖος,
1675 2475 1766 2534 καὶ
1785 2477 1893 2535 151

195 2562 490 2632 συλλέξας
528 2561 759 2622 ἅπασαν
788 2560 893 2637 τὴν
927 2564 1129 2622 ἑωυτοῦ
1165 2559 1413 2639 δύναμιν,
1442 2561 1805 2640 ἐστρατεύετο

195 2649 291 2710 ἐπ’
319 2649 535 2713 αὐτούς·
569 2648 853 2712 ἐπελάσας
878 2649 939 2709 δὲ
964 2649 1059 2709 ἐπὶ
1081 2648 1187 2725 τὴν
1202 2651 1527 2725 Βαβυλῶνα
1550 2650 1803 2729 ἐπολιόρ-

194 2764 294 2799 κεε
320 2738 718 2815 φροντίζοντας
742 2734 900 2798 οὐδὲν
911 2740 1013 2813 τῆς
1036 2738 1383 2813 πολιορκίης·
1410 2736 1808 2814 α’ναβαίνοντες

191 2826 313 2909 γσὶρ
350 2826 443 2885 ἐπὶ
475 2824 607 2888 τοῦς
641 2827 1044 2904 προμαχεῶνας
1076 2827 1179 2884 τοῦ
1213 2824 1427 2904 τείχεος
1452 2828 1508 2884 οῖ
1531 2825 1805 2903 Βαβυλιό·

190 2938 310 2974 νιοι
340 2913 737 2992 κατωρχέοντο,
766 2913 859 2971 καὶ
899 2912 1294 2973 κατέσκωπτον
1319 2914 1560 2989 Δαρεῖον
1586 2915 1679 2972 καὶ
1701 2913 1808 2990 τήν

192 3000 476 3078 στρατιὴν
505 2999 697 3060 αὐτοῦ·
739 3001 837 3059 καί
867 3025 953 3063 τις
985 2998 1171 3059 αὐτῶν
1207 2997 1329 3057 εἶπε
1362 3003 1531 3059 τοῦτο
1555 2999 1625 3059 τὰ
1654 3001 1802 3063 ἔπος·

191 3097 236 3124 “
246 3088 314 3149 τί
337 3087 586 3165 κάτησθε
612 3089 866 3157 ἐνθαῦτα,
895 3085 939 3146 ὦ
963 3086 1207 3163 Πέρσαι,
1223 3083 1356 3143 ἀλλ’
1377 3084 1477 3144 οὐκ
1503 3085 1804 3148 ἀπαλλάσ-

188 3177 414 3246 σεσθε;
455 3175 585 3236 τότε
614 3175 727 3256 γαρ
760 3173 1023 3251 αἱρήσετε
1056 3173 1235 3251 ἤμέας
1275 3171 1442 3231 ἐπεοὶν
1466 3172 1690 3250 ἡμίονοι
1713 3174 1800 3234 τέ·

186 3262 597 3378 κωσνέ2τοῦτο
625 3262 745 3321 εἶπε
767 3264 879 3321 τῶν
903 3286 988 3325 τις
1014 3259 1391 3337 Βαβυλωνίων
1406 3259 1622 3338 οὐδαμοὶ
1648 3262 1801 3321 ἐλπί-
