2184 3517
255 108 483 175 77—79]
863 104 1309 161 anommm.
1769 112 1865 163 311

253 189 479 252 πείθεος
515 191 620 249 τοῦ
654 186 1023 269 Ἀγαθύρσων
1062 189 1360 265 βασιλέος·
1403 188 1624 266 Σκύλης
1661 189 1723 250 δὲ
1759 189 1865 268 τήν

252 302 319 336 τε
345 276 662 353 βασιληίην
687 275 998 352 παρέλαβε,
1028 276 1121 334 καὶ
1143 275 1249 350 τῆν
1271 278 1506 356 γυναῖκα
1529 280 1630 336 τοῦ
1655 277 1866 353 πατρδς

247 368 330 442 τῇ
358 363 567 439 οὕνομα
592 363 663 438 ἦν
689 363 915 438 Ὀποίη·
955 362 1026 437 ἦν
1052 363 1113 422 δὲ
1138 362 1278 438 αὕτη
1302 362 1340 438 ἤ
1366 363 1573 439 Ὀποίη
1601 362 1768 439 σῖστῆ,
1798 365 1862 436 ἐξ

250 449 327 526 ἧς
352 450 422 526 ἦν
437 450 670 528 Ὄρικος
695 449 1038 526 Ἀριαπείθεϊ
1069 452 1219 513 παῖς·
1261 449 1585 525 βασιλεύων
1625 451 1685 509 δὲ
1720 453 1859 516 Σκυ·

250 539 398 598 θέων
418 538 451 598 ὁ
475 537 697 613 Σκύλης
712 538 895 616 διαίτῃ
907 539 1012 613 μὲν
1033 535 1287 613 οὖδαμῶς
1298 537 1573 614 ἠρέσκετο
1593 539 1856 619 Σκυθικῇ,

251 624 418 685 ἀλλὰ
435 626 657 698 πολλὸν
675 624 817 701 πρὸς
832 625 904 685 τοὶ
921 623 1230 700 Ἑλληνικαὶ
1246 629 1474 700 μᾶλλον
1487 627 1861 703 τετραμμένος

251 711 333 789 ἦν
370 713 483 773 ἀπὸ
524 712 847 776 παιδεύσιος
883 715 986 788 τῆς
1025 712 1404 773 ἐπεπαίδευτο·
1447 713 1632 773 ε’ποίεέ
1659 739 1722 775 τε
1745 739 1857 775 τοι·

253 804 414 860 οῦτο·
455 799 577 860 εὖτε
601 799 807 881 α’γάγοι
840 800 945 875 τῆν
974 798 1247 876 στρατιήν
1275 799 1379 875 τῆν
1415 801 1668 864 Σκυθέων
1708 807 1763 864 ἐς
1792 801 1860 863 τὰ

256 886 740 964 Βορυσθενεϊτέων
786 885 947 960 ἄστυ,
993 886 1070 965 (οἱ
1124 887 1184 946 δὲ
1236 888 1666 964 Βορυσθενεῗται
1709 887 1862 950 οὗτοι

258 975 501 1055 λέγουσι
533 975 719 1052 σφέας
750 973 950 1038 αύτοῦς
986 974 1127 1033 εἶναι
1162 974 1526 1055 Μιλησίους,)
1560 981 1616 1038 ἐς
1637 975 1865 1041 τούτους

256 1061 402 1126 ὅκως
422 1063 577 1124 ἔλθοι
603 1062 636 1123 ὁ
664 1061 901 1138 Σκύλης,
917 1060 1022 1136 τῆν
1038 1064 1145 1138 μὲν
1164 1060 1436 1138 στρατιὴν
1457 1063 1862 1124 καταλείπεσκε

259 1154 327 1209 ἐν
349 1155 439 1229 'uf
477 1152 809 1228 προαστείῳ,
838 1144 1005 1213 αὐτὸς
1044 1149 1106 1209 δὲ
1146 1148 1284 1212 ὅκως
1315 1150 1472 1209 ἔλθοι
1505 1154 1560 1212 ἐς
1583 1149 1651 1210 τδ
1679 1154 1862 1230 τεῖχος

261 1238 360 1297 καὶ
393 1238 492 1302 τοῖς
528 1238 710 1302 πύλας
747 1238 1081 1318 ἐγκληΐσειε,
1123 1237 1230 1311 τῆν
1264 1235 1481 1312 στολήν
1516 1236 1862 1315 ἀποθέμενος

256 1324 368 1400 τῆν
394 1326 687 1401 Σκυθικήν,
714 1326 973 1402 λάβεσκε
1008 1323 1078 1385 ἂν
1110 1323 1418 1400 Ἑλληνίδα
1448 1326 1680 1401 ἐσθῆτα·
1721 1327 1862 1405 ἔχων

259 1411 314 1471 δ’
334 1411 402 1473 ἂν
423 1413 630 1490 ταύτην
652 1412 910 1494 ἠγόραζε,
929 1411 1055 1472 οὔτε
1082 1412 1407 1489 δορυφόρων
1433 1413 1712 1488 ἑπομένων
1738 1411 1863 1474 οὔτε

260 1497 444 1560 ἄλλου
470 1500 709 1564 οὐδενός·
739 1500 861 1579 (τοῖς
888 1501 948 1559 δὲ
973 1500 1161 1563 πύλας
1181 1500 1534 1577 ἐφύλασσον,
1550 1500 1632 1576 μή
1656 1502 1740 1564 τίς
1763 1526 1861 1577 μιν

215 1596 221 1601 ’
261 1588 519 1652 Σκυθέων
541 1589 650 1649 ἴδοι
675 1588 877 1666 ἔχοντα
900 1586 1109 1663 ταύτην
1132 1586 1236 1662 τὴν
1261 1585 1523 1667 στολήν)
1551 1588 1644 1646 καὶ
1668 1587 1858 1649 τᾶλλα

262 1678 469 1753 ἐχρᾶτο
493 1676 674 1754 διαίτῃ
698 1675 1026 1753 Ἑλληνικῇ,
1054 1676 1147 1735 καὶ
1174 1676 1355 1735 θεοῖσι
1384 1675 1475 1752 {po}
1501 1675 1682 1735 ε’·ποίεε
1714 1676 1856 1736 κατὰ

261 1761 466 1838 νόμους
504 1763 635 1828 τούς
673 1761 982 1838 Ἑλλήνων·
1042 1760 1137 1823 ὅτε
1177 1761 1237 1822 δὲ
1278 1762 1580 1841 διατρίψειε
1624 1767 1777 1838 μῆνα
1819 1762 1859 1839 ἢ

262 1850 442 1910 πλέον
489 1850 705 1921 τούτου,
758 1848 1173 1910 ἀπαλλάσσετο
1226 1848 1380 1914 ἐνδύς
1429 1849 1534 1925 τήν
1586 1850 1864 1926 Σκυθικήν

264 1937 502 2014 στολήν·
527 1942 705 1999 ταῦτα
728 1938 988 1998 ποιέεσκε
1012 1935 1311 2001 πολλάκις·
1354 1937 1447 1997 καὶ
1473 1937 1618 1997 οἰκία
1641 1964 1705 1999 τε
1731 1938 1863 1999 ἐδεί-

263 2049 412 2101 ματο
450 2031 509 2086 ἐν
544 2025 885 2102 Βορυσθένεϊ
920 2025 1013 2084 καὶ
1035 2028 1273 2106 γυναῖκα
1299 2025 1470 2106 ἔγημε
1496 2030 1554 2088 ἐς
1579 2024 1719 2085 αὐτοὶ
1747 2031 1859 2086 ἐπι-

262 2113 491 2189 χωρίην.
557 2112 722 2172 Ἐπεί
742 2137 804 2174 τε
829 2112 890 2172 δὲ
918 2112 1035 2172 ἔδεέ
1058 2114 1113 2172 οἱ
1139 2114 1317 2176 κακῶς
1338 2112 1618 2192 γενέσθαι,
1647 2113 1862 2194 ἐγένετο
1881 2090 1975 2176 '79'

265 2199 382 2259 οἷπδ
397 2199 719 2277 προφάσιος
733 2200 981 2276 τοιῆσδε·
1002 2199 1322 2276 ἐπεθύμησε
1338 2198 1594 2278 Διονύσῳ
1609 2201 1861 2280 Βακχείῳ

263 2289 624 2364 τελεσθῆναι·
663 2288 936 2364 μέλλοντι
975 2287 1039 2347 δέ
1072 2290 1128 2348 οἱ
1167 2291 1223 2351 ἐς
1259 2289 1451 2366 χεῖρας
1490 2286 1730 2368 ἄγεσθαι
1759 2288 1863 2364 τῆν

265 2375 501 2452 τελετήν
536 2376 752 2457 ἐγένετο
793 2374 1003 2452 φάσμα
1036 2374 1338 2455 μέγιστον·
1368 2372 1439 2450 ἦν
1474 2375 1528 2433 οἷ
1564 2378 1621 2434 ἐν
1647 2379 1862 2451 Βορυσ-

265 2462 549 2523 θενεῖτέων
594 2467 666 2542 τῇ
712 2461 851 2523 πόλι
892 2461 1064 2538 οἰκίης
1102 2459 1355 2542 μεγάλης
1395 2460 1488 2521 καὶ
1526 2462 1864 2525 πολυτελέος

265 2549 570 2627 περιβολὴ,
592 2551 717 2629 (τῆς
737 2551 830 2609 καὶ
847 2548 1022 2631 ὀλίγῳ
1041 2574 1099 2610 τι
1117 2549 1388 2626 πρότερον
1411 2547 1620 2610 τούτων
1641 2548 1866 2626 μνήμην

269 2637 468 2718 εἶχον,)
484 2637 587 2714 τῆν
604 2638 770 2715 πέριξ
792 2641 995 2698 λευκοῦ
1015 2637 1180 2698 λίθου
1201 2638 1445 2719 σφίγγες
1462 2663 1525 2699 τε
1547 2637 1638 2698 καὶ
1657 2635 1864 2719 γρύπες

268 2725 541 2786 ἔστασαν·
583 2730 640 2790 ἐς
672 2725 878 2802 ταύτην
916 2724 951 2786 ὅ
993 2725 1121 2789 θεὸς
1159 2725 1432 2803 ἐνέσκηψε
1469 2726 1665 2804 βέλος·
1707 2726 1800 2786 καὶ
1828 2724 1867 2800 ἦ

266 2815 373 2890 μὲν
413 2812 653 2890 κατεκάη
693 2817 872 2874 πᾶσα·
916 2810 1138 2888 Σκύλης
1175 2812 1236 2873 δὲ
1272 2811 1429 2874 οὐδὲν
1459 2813 1660 2875 τούτου
1687 2814 1867 2874 εἵνεκα

265 2899 476 2976 ἧσσον,
510 2902 809 2962 ἐπετέλεσε
861 2899 965 2976 τὴν
1013 2900 1266 2975 τελετήν.
1359 2901 1596 2981 (Σκύθαι
1653 2901 1714 2960 δὲ
1763 2904 1865 2960 τοῦ

242 3037 254 3048 .
273 2988 573 3069 Βακχεύειν
610 2990 739 3067 πέρι
780 2988 1038 3063 ’Έλλησι
1076 2985 1424 3058 ὀνειδίζουσι·
1474 2987 1538 3048 ού
1577 2988 1686 3069 γάρ
1718 2994 1867 3063 φασι

268 3076 422 3141 οἷκός
453 3076 594 3137 εἶναι
630 3076 760 3137 θεὸν
796 3075 1131 3152 ἐξευρίσκειν
1162 3079 1362 3135 τοῦτον
1387 3073 1545 3139 ὅστις
1570 3075 1869 3152 μαίνεσθαι

268 3163 455 3245 ἐνάγει
480 3163 845 3241 ἀνθρώπους.)
907 3161 1031 3221 ἐπεί
1050 3185 1113 3222 τε
1139 3161 1200 3221 δὲ
1225 3163 1495 3237 ἐτελέσθη
1516 3166 1592 3240 τῷ
1617 3162 1869 3241 Βακχείῳ

266 3262 311 3304 <5
355 3250 598 3327 Σκύλης,
643 3247 1046 3325 διεπρήστευσε
1098 3252 1210 3308 τῶν
1257 3273 1345 3312 τις
1396 3249 1870 3326 Βορυσθενεϊτέων
