2184 3517
234 125 520 191 119-122]
831 135 836 140 ·
901 128 1175 180 οΑΛΕῐΑ.
1740 133 1843 183 259

226 204 484 285 υπαρχος
510 203 788 283 Ὀροίτης,
814 204 958 285 α’νήρ
997 208 1251 287 Πέρσης.
1320 205 1484 272 οὗτος
1512 207 1839 287 ἐπεθύμησε

225 294 562 375 πρήγματος
587 292 688 353 οὐκ
713 293 899 354 ὁσίου·
941 292 1068 355 οὔτε
1094 295 1205 376 γάρ
1229 321 1289 356 τι
1313 294 1510 356 παθῶν
1527 295 1655 357 οὕτε
1679 295 1842 357 οἰκού-

226 407 341 445 σας
379 381 618 457 μάταιον
657 382 791 446 ἔπος
829 382 972 461 πρὸς
1014 382 1411 461 Πολυκράτεος
1452 388 1557 444 τοῦ
1605 385 1839 462 Σαμίου,

227 468 359 530 οὔτε
383 468 510 534 ῑὸὣν
532 469 822 548 πρότερον,
838 470 1107 548 ἐπεθύμεε
1126 470 1328 548 λαβών
1343 469 1511 532 αύτόν
1530 471 1833 545 ἀπολέσαι,

229 556 306 620 ὦς
333 559 436 635 μὲν
469 560 522 618 οἷ
554 561 791 623 πλεῦνες
826 559 1079 640 λέγουσι,
1108 558 1200 618 διὰ
1234 557 1453 635 τοιήνδε
1485 559 1611 620 τινοῖ
1638 562 1838 638 αἰτίην·

223 644 325 704 ἐπὶ
349 649 459 705 τῶν
482 646 765 721 βασιλέος
789 646 998 725 θυρέων
1024 645 1336 725 κατήμενον
1358 646 1459 707 τόν
1483 672 1547 708 τε
1570 645 1834 726 Ὀροίτην

228 733 328 792 καὶ
370 731 555 793 ἄλλον
596 734 849 811 Πέρσην,
893 738 971 812 τῷ
1012 731 1225 811 οὔνομα
1266 732 1405 796 εἶναι
1445 733 1838 813 Μιτραβάτεα,

226 824 405 896 νομοῦ
440 817 689 900 ἄρχοντα
712 824 813 881 τοῦ
840 825 899 881 ἐν
924 823 1279 901 Δασκυλείῳ,
1305 821 1536 885 τούτους
1562 827 1624 882 ἐκ
1648 822 1837 904 λόγων

229 909 290 970 ἐς
334 909 514 967 νείκεα
557 908 921 986 συμπεσέειν·
975 909 1311 986 κρινομένων
1345 908 1406 968 δὲ
1446 909 1578 986 περὶ
1616 908 1834 987 α’ρετῆς,

227 997 405 1055 εἰπεῖν
426 994 528 1056 τὸν
554 995 933 1073 Μιτραβάτεα
955 1000 1034 1075 τῷ
1057 996 1290 1076 Ὀροίτῃ
1307 996 1687 1075 προφέροντα·
1707 996 1838 1057 ⁴⁴02>

221 1080 340 1164 γὰρ
377 1089 437 1143 ἐν
470 1082 684 1161 α’νδρῶν
706 1082 879 1166 λόγῳ,
906 1084 970 1148 ὃς
996 1084 1245 1160 βασιλέϊ
1271 1086 1448 1160 νῆσον
1475 1082 1670 1161 Σάμον
1693 1082 1837 1162 πρὸς

223 1174 307 1250 τῷ
337 1175 422 1251 σῷ
457 1176 609 1251 νομῷ
648 1172 1064 1249 προσκειμένην
1090 1170 1156 1232 οὗ
1187 1170 1608 1251 προσεκτήσαο,
1635 1168 1740 1232 ὦδε
1764 1171 1837 1249 δή

219 1283 286 1318 τι
318 1262 525 1320 εὀὓσαν
555 1259 790 1320 εὐπετέα
818 1261 1192 1339 χειρωθῆναι;
1231 1259 1339 1336 τὴν
1375 1262 1488 1320 τῶν
1518 1283 1603 1323 τις
1637 1264 1836 1339 ἐπιχω-

222 1347 361 1424 ρίων
384 1347 780 1408 πεντεκαίδεκα
805 1347 1081 1428 ὁπλίτῃσι
1107 1345 1428 1410 ἐπαναστὰς
1451 1347 1606 1426 ἔσχε,
1627 1348 1721 1407 καὶ
1739 1351 1837 1409 νῦν

223 1432 402 1511 αὖτῆς
433 1434 804 1514 τυραννεύει.”
871 1438 927 1495 οἱ
955 1437 1063 1513 μὲν
1088 1435 1159 1512 δή
1183 1435 1282 1512 μίν
1305 1440 1457 1512 φασι
1479 1438 1649 1496 τοῦτο
1674 1433 1837 1496 οἰκού-

219 1547 427 1594 σαντα,
460 1524 554 1583 καὶ
592 1522 930 1606 ἀλγήσαντα
965 1526 1045 1603 τῷ
1092 1522 1307 1593 ὁνείδεῖ,
1343 1523 1690 1600 ἐπιθυμῆσαι
1732 1521 1835 1584 ούκ

222 1609 371 1672 οὕτω
406 1610 509 1672 τὸν
540 1611 773 1671 εἴπαντα
809 1614 987 1672 ταῦτα
1023 1611 1321 1681 τίσασθαι,
1355 1610 1427 1675 ὦς
1461 1610 1834 1688 Πολυκράτεα

219 1697 444 1763 πάντως
467 1697 754 1760 α’πολέσαι
780 1697 849 1760 δι’
875 1697 941 1759 ὅν
963 1724 1091 1760 τινα
1117 1701 1297 1762 κακῶς
1321 1697 1555 1774 ἤκουσε.
1623 1704 1698 1759 Οἱ
1731 1699 1793 1759 δὲ
1813 1701 1917 1761 12]

211 1785 541 1851 ἐλάσσονες
571 1787 829 1869 λέγουσι,
869 1786 1092 1865 πέμψαι
1127 1785 1388 1864 Ὀροίτεα
1423 1791 1480 1850 ἐς
1515 1785 1711 1864 Σάμον
1740 1787 1835 1863 κή-

218 1898 370 1951 ρυκα
406 1873 536 1935 ὅτευ
571 1874 640 1951 δὴ
675 1874 968 1955 χρήματος
1001 1872 1365 1953 δεησόμενον·
1407 1873 1474 1935 ού
1502 1874 1614 1956 γὰρ
1655 1872 1731 1935 ὦν
1764 1874 1834 1952 δὴ

217 1961 394 2023 τοῦτό
421 1987 491 2043 γε
522 1963 767 2044 λέγεται·
808 1963 903 2022 καὶ
926 1961 1030 2024 τὸν
1054 1961 1431 2040 Πολυκράτεα
1453 1965 1643 2041 τυχεῖν
1668 1987 1834 2023 κατα-

219 2050 480 2126 κείμενον
503 2054 564 2110 ε’ν
588 2048 865 2128 ἀνδρεῶνι,
891 2053 1152 2128 παρεῖναι
1176 2049 1241 2111 δέ
1265 2053 1321 2110 οἱ
1346 2051 1440 2111 καὶ
1461 2049 1835 2129 Ἀνακρέοντα

211 2137 328 2196 τόν
353 2136 545 2213 Τήῖον·
586 2138 687 2196 καί
723 2162 845 2208 κως,
873 2136 969 2199 εἴτ’
998 2142 1060 2198 ἐκ
1084 2138 1352 2216 προνοίης
1385 2135 1557 2199 αύτόν
1594 2142 1834 2215 κατηλο-

217 2226 431 2306 γέοντα
454 2223 527 2286 ταῖ
553 2223 818 2303 Ὀροίτεω
842 2225 1166 2308 πρήγματα,
1196 2225 1306 2285 εἴτε
1332 2225 1425 2283 καὶ
1450 2226 1722 2304 συντυχίη
1745 2251 1833 2290 τις

215 2311 458 2390 τοιαύτη
489 2315 799 2395 ἐπεγένετο·
837 2313 939 2375 τόν
963 2339 1028 2375 τε
1051 2313 1166 2395 γὰρ
1194 2310 1406 2389 κήρυκα
1434 2311 1536 2372 τὸν
1567 2311 1833 2390 Ὀροίτεω

218 2400 585 2479 παρελθόντα
603 2402 984 2483 διαλέγεσθαι,
1000 2403 1095 2462 καὶ
1113 2399 1213 2462 τὸν
1238 2398 1626 2478 Πολυκράτεα,
1644 2403 1835 2478 τυχεῖν

209 2488 338 2570 γὰρ
376 2489 837 2568 ἑπεστραμμένον
869 2489 1013 2567 πρὸς
1043 2488 1148 2550 τὸν
1176 2491 1386 2568 τοῖχον,
1420 2487 1549 2549 οὔτε
1576 2511 1634 2548 τι
1663 2512 1831 2564 μετα-

218 2580 554 2654 στραφῆναι
579 2576 708 2640 οὕτε
730 2575 1160 2655 ὑποκρίνασθαι·
1201 2576 1392 2637 Αἰτίαι
1415 2577 1520 2654 μὲν
1539 2574 1608 2653 δὴ
1629 2572 1793 2637 αὗται
1812 2578 1927 2637 122

216 2664 493 2742 διφάσιαι
533 2665 801 2747 λέγονται
840 2668 943 2726 τοῦ
989 2663 1235 2726 θανάτου
1284 2668 1390 2726 τοῦ
1439 2662 1836 2744 Πολυκράτεος

214 2752 511 2835 γενέσθαι·
549 2753 793 2832 πάρεστι
828 2753 889 2813 δὲ
924 2752 1228 2816 πείθεσθαι
1257 2751 1492 2833 ὁκοτέρῃ
1515 2779 1602 2818 τις
1625 2752 1833 2830 βούλε-

212 2866 315 2902 ται
351 2839 582 2903 αύτέων.
648 2841 684 2903 ὁ
713 2841 787 2919 δή
823 2840 900 2902 ὧν
927 2840 1205 2920 Ὀροίτης,
1233 2840 1484 2919 ἱζόμενος
1512 2845 1572 2906 ἐν
1599 2848 1831 2922 Μαγνη-

214 2930 324 3009 σίῃ
358 2931 435 3009 τῇ
470 2928 612 3007 ὑπὲρ
645 2928 974 3008 Μαιάνδρου
1000 2932 1263 3005 ποταμοῦ
1303 2929 1586 3008 οἰκημένῃ,
1620 2930 1832 3004 ἔπεμπε

214 3017 472 3096 Μύρσον
494 3017 596 3078 τὸν
618 3015 813 3100 Γύγεω
847 3015 1021 3096 ἄνδρα
1045 3013 1234 3077 Λυδὸν
1258 3019 1315 3080 ἐς
1340 3014 1535 3092 Σάμον
1559 3015 1832 3097 ἀγγελίην

212 3105 493 3184 φέροντα,
519 3104 716 3181 μαθων
738 3108 842 3165 τοῦ
868 3100 1301 3210 Πολυκράτεος*
1295 3126 1398 3162 τον
1422 3100 1572 3163 νόον.
1640 3105 1831 3160 Πολυ-

210 3192 433 3272 κράτης
467 3191 583 3273 γάρ
624 3197 750 3252 ε’στι
786 3192 1006 3267 πρῶτος
1028 3214 1142 3249 των
1165 3186 1328 3264 ἡμεῖς
1356 3187 1517 3264 ἴδμεν
1538 3186 1832 3264 Ἑλλήνων

206 3280 279 3346 ὃς
321 3278 848 3356 θαλασσοκρατέειν
871 3274 1169 3352 ἐπενοήθη,
1189 3272 1373 3353 πάρεξ
1394 3275 1620 3339 Μίνωός
1639 3300 1705 3335 τε
1726 3276 1831 3336 τοῦ
