2184 3517
331 61 429 110 298
939 59 1314 109 ἭΡοΔοωοτ
1809 57 1943 124 [IV.

328 142 386 202 ἔς
416 137 523 214 τήν
550 140 663 219 γ’ἣν
697 136 903 214 ταύτην
928 137 967 214 ἥ
995 163 1081 202 τις
1116 142 1216 198 νῦν
1238 137 1350 198 ὖπό
1379 137 1672 215 Ἑλλήνων
1693 137 1946 216 Εὐρώπη

330 227 605 297 καλέεται,
623 224 754 285 ἀλλ’
775 225 915 286 ὅσον
936 232 997 285 ἐκ
1012 227 1271 303 Φοινίκης
1297 231 1352 290 ἐς
1373 226 1604 303 Κρήτην
1621 231 1683 286 ἐκ
1711 226 1947 303 Κρήτης

330 314 392 374 δὲ
418 320 474 377 ἐς
498 314 728 389 Λυκίην.
796 318 972 374 ταῦτα
996 315 1102 390 μέν
1127 340 1224 374 νυν
1250 315 1341 374 ἐπὶ
1374 318 1652 375 τοσοῦτον
1677 314 1946 392 εἰρήσθω·

330 406 484 463 τοῖσι
509 402 619 483 γὰρ
640 403 1058 480 νομιζομένοισι
1084 402 1265 463 αὐτῶν
1292 401 1638 481 χρησόμεθα.

240 491 316 551 46
412 490 482 550 Ὁ
518 491 578 550 δὲ
611 490 833 553 Πόντος
861 489 893 549 ὅ
918 489 1197 562 Εὔξεινος,
1227 489 1311 550 ἐπ’
1339 489 1405 551 ὃν
1432 488 1801 567 ἐστρατεύετο
1829 497 1946 550 Δα-

327 581 492 657 ρεῖος,
527 578 749 658 χωρέων
782 578 1011 638 πασέων
1036 580 1357 658 παρέχεται,
1388 578 1490 648 ἔξω
1514 581 1617 638 τοῦ
1646 578 1945 649 Σκυθικοῦ,

332 667 491 726 ἔθνεα
506 683 510 688 ’
528 665 914 743 ἀμαθέστατα·
970 664 1096 725 οὔτε
1135 665 1248 747 γοὶρ
1288 666 1444 729 ἔθνος
1480 669 1591 726 τῶν
1628 665 1789 729 ,ἐντός
1840 669 1946 725 τοῦ

333 753 559 814 Πόντου
613 752 846 814 ο·ὖδὲν’ν
818 779 1019 832 εχομεν
1070 754 1480 831 προβαλέσθαι
1522 753 1744 829 σοφίης
1793 754 1943 831 πέρι,

333 840 463 903 οὔτε
508 840 680 920 ανδρα
723 840 922 922 λόγιον
977 842 1204 919 οἴδαμεν
1249 841 1564 924 γενόμενον,
1606 840 1794 918 πάρεξ
1841 844 1946 902 τοῦ

331 930 607 995 Σκυθικοῦ
647 930 830 993 ἔθνεος
869 930 961 988 καὶ
998 925 1395 1009 Ἀναχάρσιος.
1466 933 1546 1009 τῷ
1585 928 1646 989 δὲ
1687 930 1945 1009 Σκυθικῶ

330 1019 479 1100 γένεϊ
518 1019 577 1080 ἓν
607 1020 710 1095 μὲν
739 1044 806 1078 το
839 1018 1112 1097 μέγιστον
1145 1044 1271 1078 των
1291 1017 1652 1096 ἄνθρωπηιων
1677 1018 1942 1098 πρηγμά-

330 1132 441 1167 των
481 1106 792 1183 σοφώτατα
831 1104 1053 1166 ποίντων
1095 1105 1378 1184 ἐξεύρηται
1417 1109 1527 1165 τῶν
1564 1105 1728 1183 ἡμεῖς
1761 1106 1943 1181 ἴδμεν·

329 1194 403 1254 τὰ
439 1197 634 1272 μέντοι
672 1193 827 1254 ἄλλα
868 1193 968 1253 οὐκ
1008 1191 1246 1274 ἄγαμαι·
1287 1193 1450 1254 τὰδὲ
1483 1195 1759 1274 μέγιστον
1800 1185 1947 1253 οὕτω

332 1289 446 1359 σφι
472 1282 782 1361 ἀνεύρηται,
802 1281 951 1342 ὥστε
967 1281 1313 1363 οἷποφυγέειν
1325 1307 1389 1342 τε
1402 1281 1614 1360 μηδένα
1629 1280 1946 1343 ἐπελθόντα

331 1371 425 1429 ἐπὶ
456 1371 656 1446 σφέας,
682 1369 763 1447 μή
792 1370 1192 1447 βουλομένους
1209 1380 1280 1429 ’τε
1312 1369 1661 1447 ἐξευρεθῆναι
1697 1374 1944 1429 καταλα-

329 1458 461 1533 βεῖν
492 1457 573 1534 μή
613 1457 731 1517 οἶόν
763 1481 827 1517 τε
868 1457 1026 1517 εἶναι·
1065 1461 1221 1517 τοῖσι
1251 1456 1363 1538 γὰρ
1403 1457 1546 1533 μήτε
1578 1455 1756 1519 ἄστεα
1793 1456 1947 1534 μήτε

329 1546 518 1623 τείχεα
556 1544 597 1624 ᾗ
637 1544 952 1620 ἐκτισμένα,
997 1544 1161 1605 ἅλλῶ
1195 1546 1478 1622 φερέοικοι
1518 1543 1699 1609 ἐόντες
1734 1544 1946 1610 πάντες

333 1633 465 1692 ἔωσι
506 1630 885 1702 ἱπποτοξόται,
915 1631 1147 1703 ζώοντες
1178 1632 1259 1709 μή
1298 1631 1394 1692 ἀπ’
1421 1630 1626 1708 ἀρότου
1661 1631 1795 1692 ἀλλ’
1821 1631 1945 1695 ulna

337 1721 588 1798 κτηνέων,
626 1718 902 1795 οἰκήματά
940 1721 1007 1780 τέ
1046 1726 1163 1796 σφι
1195 1719 1235 1799 ᾗ
1274 1722 1368 1780 ἐπὶ
1408 1719 1656 1801 ζευγέων,
1695 1724 1803 1784 κῶς
1835 1719 1945 1781 οὐκ

329 1806 404 1869 ἂν
428 1809 625 1884 εἴησαν
651 1804 807 1867 οὗτοι
831 1805 1049 1887 ἄμαχοί
1073 1833 1138 1868 τε
1165 1809 1259 1868 καὶ
1285 1806 1487 1885 ἄποροι
1520 1809 1941 1889 προσμίσγεινς

238 1894 656 1973 47-Ἐξεύρηται
695 1895 758 1955 δέ
796 1901 910 1973 σφι
942 1899 1137 1966 ταῦτα,
1165 1900 1267 1971 τῆς
1296 1921 1359 1956 τε
1392 1899 1498 1977 γῆς
1525 1894 1725 1971 ἐούσης
1749 1900 1942 1974 ἐπιτη-

324 1984 458 2060 δέης
493 1985 586 2043 καὶ
619 1987 731 2044 τῶν
758 1987 1026 2060 ποταμῶν
1064 1984 1264 2045 ἐόντων
1289 1990 1403 2059 σφι
1428 1982 1761 2062 συμμάχων·
1800 1982 1839 2059 ἥ
1874 2011 1942 2046 τε

330 2073 442 2153 γσῖρ
472 2075 549 2154 γῆ
589 2077 765 2132 ἐοῦσα
804 2070 999 2135 πεδιοὶς
1038 2071 1197 2148 αὕτη,
1229 2071 1470 2148 ποιώδης
1493 2096 1556 2131 τε
1582 2072 1679 2133 ,καὶ
1712 2069 1943 2149 εὖυδρός

332 2165 474 2221 ἐστι·
528 2161 781 2237 ποταμοί
813 2184 877 2220 τε
923 2158 991 2218 δι’
1032 2158 1204 2235 αὐτῆς
1243 2159 1438 2237 ῥέουσι
1478 2157 1545 2219 οὗ
1589 2162 1790 2238 πολλῷ
1828 2185 1941 2241 τεῳ

329 2247 572 2327 οἷριθμόν
600 2248 909 2310 ἐλάσσονες
932 2250 1045 2307 τῶν
1072 2253 1132 2307 ἐν
1155 2246 1421 2330 Αἰγύπτῳ
1446 2246 1743 2325 διωρύχων.
1802 2246 1940 2309 ὅσοι

330 2336 390 2396 δὲ
431 2337 777 2415 οὗνομαστοί
805 2336 871 2396 τέ
909 2339 1021 2395 εἶσι
1056 2334 1254 2405 αὐτῶν,
1284 2336 1376 2394 καὶ
1412 2335 1782 2413 προσπλαποὶ
1817 2334 1939 2398 ‹ia-d

330 2424 646 2501 θαλάσσης,
681 2423 909 2486 τούτους
950 2422 1284 2501 οὔνομανέω·
1315 2421 1545 2499 Ἴστρος
1583 2424 1704 2500 μὲν,
1733 2425 1936 2483 πεντά-

330 2536 561 2590 στομος·
601 2513 744 2589 μετὰ
784 2512 860 2582 δὲ,
894 2510 1075 2589 Τύρης
1106 2538 1169 2573 τε
1202 2513 1295 2572 καὶ
1324 2510 1580 2583 Ὕπανις,
1623 2511 1716 2572 καὶ
1756 2517 1939 2589 Βορυ-

328 2599 548 2675 σθένης,
577 2601 670 2658 καὶ
704 2599 1084 2675 Παντικάπης,
1115 2600 1207 2660 καὶ
1235 2598 1551 2677 Ὑπάκυρις,
1579 2599 1672 2660 καὶ
1706 2599 1938 2679 Γέρρος,

330 2688 426 2746 καὶ
447 2685 667 2751 Τάναϊς·
707 2686 902 2764 ῥέουσι
927 2688 988 2747 δὲ
1013 2686 1170 2750 οὗτοι
1195 2686 1336 2748 κατὰ
1360 2686 1511 2748 τάδε.

239 2773 313 2833 48
396 2772 627 2851 Ἴστρος
654 2776 774 2850 μὲν,
812 2774 914 2834 ἐῶν
950 2776 1221 2856 μέγιστος
1258 2780 1527 2852 ποταμῶν
1564 2773 1782 2836 πάντων
1818 2780 1944 2838 τῶν

327 2859 488 2936 ἡμεῖς
516 2861 690 2937 ἴδμεν,
722 2862 850 2925 ἶσος
889 2863 998 2922 αἰεὶ
1036 2862 1202 2927 αὖτὸς
1243 2867 1420 2942 ἑωυτῷ
1458 2864 1572 2941 ῥέει
1609 2864 1704 2922 καὶ
1741 2864 1945 2940 θέρεος

332 2947 426 3004 καὶ
456 2950 746 3023 χειμῶνος·
786 2974 1005 3025 πρωτος
1037 2949 1099 3010 δὲ
1127 2976 1194 3012 το
1236 2950 1332 3010 ἀπ’
1360 2952 1602 3029 ἑσπέρης
1630 2955 1744 3012 τῶν
1773 2954 1836 3011 ἐν
1861 2956 1945 3030 τῇ

331 3031 627 3108 Σκυθικῇε
600 3034 751 3108 ρέων,
769 3035 911 3094 κατὰ
932 3036 1148 3100 ,τοιόνδε
1169 3039 1440 3119 μέγιστος
1455 3039 1653 3121 γέγονε
1665 3043 1950 3116 ποταμῶν

335 3117 428 3172 καὶ
446 3115 687 3177 ἅλλων’
660 3145 716 3182 ες
739 3120 909 3180 αὗτόν
933 3123 1273 3187 ἐκδιδόντων·
1314 3126 1428 3189 εἶσὶ
1453 3126 1514 3187 δὲ
1538 3124 1655 3187 οἶδε
1678 3129 1734 3186 οἶ
1750 3128 1952 3207 με’-γαν

338 3197 507 3256 αὐτὸν
543 3207 844 3267 ποιεῦντες·
895 3207 988 3266 διαὶ
1025 3211 1133 3285 μέν
1169 3238 1238 3292 γε
1282 3217 1386 3289 τῆς
1427 3215 1707 3291 Σκυθικῆς
1745 3214 1956 3293 χώρης
