2184 3517
365 93 462 144 116
984 90 1352 142 ἨΡΟΔΟΤΟΤ

364 174 551 250 λικίην
594 172 700 250 τὴν
748 170 860 232 fier&
912 171 1179 242 Κιλίκων,
1225 171 1318 230 καὶ
1360 169 1675 248 Ἀσσυρίην
1713 168 1818 247 τὴν
1863 169 1975 234 ὖπό

365 260 703 339 Ἀσσυρίων.
786 259 1030 338 οὔρισμα
1071 258 1133 318 δὲ
1171 260 1342 338 Ἀσίῃ
1377 258 1470 317 καὶ
1510 257 1702 338 Λιβύῃ
1746 258 1976 335 οἴδαμεν

368 349 525 410 οὐδὲν
551 350 642 411 ἐὸν
677 349 823 428 ὀρθῷ
848 347 1018 428 λόγῳ,
1049 350 1098 405 εἴ.
1126 346 1208 423 μή
1243 346 1374 409 τοῦς
1412 346 1731 426 Αἰγυπτίων
1757 344 1974 423 οὔρους.

369 442 418 497 εἰ
470 439 532 498 δὲ
581 442 658 517 τῷ
707 437 798 496 ὑπ’
849 436 1141 512 Ἑλλήνων
1190 436 1567 515 νενομισμένῳ
1617 435 1973 514 χρησόμεθα,

368 530 667 603 νομιοῦμεν
707 525 995 605 Αἴγυπτον
1026 526 1236 595 πᾶσαν,
1280 522 1595 601 ἀρξαμένην
1632 522 1743 583 ἀπὸ
1782 529 1973 584 Κατα-

367 614 583 674 δούπων
605 639 669 673 τε
695 614 786 672 καὶ
809 612 1213 688 Ἐλεφαντίνης
1231 611 1447 683 πόλιος,
1474 611 1607 691 δίχα
1632 611 1975 690 διαιρέεσθαι

367 704 459 762 καὶ
483 701 814 779 α’μφοτέρων
836 704 947 761 τῶν
973 700 1318 778 ἐπωνυμιέων
1343 700 1595 779 ἔχεσθαι·
1634 700 1708 761 τοὶ
1731 702 1838 777 μὲν
1862 701 1973 781 γοῖρ

366 789 535 865 αὐτῆς
563 789 701 850 εἶναι
726 792 826 866 τῆς
858 787 1096 866 Λιβύης,
1123 787 1195 847 τοὶ
1222 788 1282 847 δὲ
1304 790 1406 864 τῆς
1445 787 1662 865 Ἀσίης·
1706 787 1738 848 ὁ
1762 787 1876 869 γὰρ
1904 789 1972 866 δή

366 882 576 941 Νεῖλος
616 876 922 955 ἀρξάμενος
960 880 1022 936 ἐκ
1061 879 1173 936 τῶν
1207 875 1606 947 Καταδούπων,
1633 876 1746 954 ῥέει
1787 878 1974 953 μέσην

367 967 652 1047 Αἴγυπτον
675 965 885 1044 σχίζων
910 970 965 1028 ἐς
990 963 1314 1026 θάλασσαν.
1367 965 1539 1043 μέχρι
1562 964 1668 1041 μέν
1693 990 1793 1025 νυν
1828 972 1973 1043 Κερ-

365 1054 623 1132 κασώρου
652 1053 852 1116 πόλιος
890 1053 1004 1129 ῥέει
1037 1051 1114 1115 εἷς
1145 1051 1248 1113 ἐῶν
1288 1052 1322 1112 ὅ
1364 1055 1592 1115 Νεῖλος·
1648 1050 1716 1112 τό
1758 1051 1821 1111 δὲ
1861 1049 1973 1114 ἅπό

363 1142 566 1218 ταύτης
590 1147 692 1219 τῆς
714 1141 931 1210 πόλιος,
957 1140 1214 1219 σχίζεται
1241 1140 1548 1218 τριφασίας
1574 1138 1754 1203 ὁδούς·
1817 1139 1912 1199 καὶ
1935 1134 1973 1217 ἦ

362 1231 467 1307 μὲν
491 1229 631 1307 πρὸς
655 1230 738 1305 ἧῶ
763 1221 1038 1307 τρέπεται,
1066 1227 1134 1288 τὸ
1163 1229 1422 1288 καλέεται
1461 1226 1797 1303 Πηλούσιον
1840 1229 1972 1290 στό-

362 1343 465 1394 μα·
505 1317 543 1393 ἦ
570 1318 629 1377 δὲ
662 1318 819 1394 ἑτέρη
849 1320 959 1377 τῶν
985 1315 1128 1378 ὁδῶν
1167 1315 1310 1394 πρός
1343 1315 1586 1393 ἑσπέρην
1627 1315 1759 1394 ἔχει·
1803 1320 1971 1378 τοῦτο

365 1405 426 1465 δὲ
469 1405 803 1482 Κανωβικόν
844 1404 1033 1481 στόμα
1076 1405 1359 1480 κέκληται·
1397 1403 1437 1480 ἦ
1480 1404 1541 1464 δὲ
1583 1403 1653 1480 δὴ
1697 1405 1821 1465 ἰθέα
1861 1410 1972 1467 τῶν

361 1493 504 1553 ὁδῶν
543 1496 620 1572 τῷ
659 1494 851 1573 Νείλῳ
893 1493 1017 1553 ἐστὶ
1052 1491 1170 1569 ἥδε·
1213 1491 1419 1553 ἄνωθεν
1454 1490 1765 1570 φερόμενος
1809 1499 1867 1557 ἐς
1904 1493 1971 1556 τό
2025 1517 2032 1524 ·

361 1580 461 1651 όξῠ
478 1583 579 1640 τοῦ
605 1581 799 1640 Δέλτα
817 1581 1151 1650 ἀπικνέεται,
1176 1580 1245 1639 τὰ
1271 1579 1332 1639 δὲ
1358 1579 1471 1641 «ind
1510 1579 1726 1651 τούτου,
1755 1582 1967 1661 σχίζων

361 1670 541 1745 μέσον
570 1668 636 1729 τό
663 1670 857 1729 Δέλτα
893 1673 948 1732 ἐς
983 1667 1289 1729 θάλασσαν
1320 1668 1468 1740 ἐξίει,
1495 1666 1623 1728 οὔτε
1654 1671 1969 1748 ἐλαχίστην

363 1762 565 1835 μοίρην
593 1762 695 1819 τοῦ
731 1755 930 1820 ὕδατος
959 1755 1342 1835 παρεχόμενος
1372 1756 1548 1834 ταύτῃ
1590 1754 1717 1817 οὔτε
1755 1757 1969 1833 ἥκιστα

362 1844 735 1923 οὖνομαστήν·
774 1845 842 1905 τό
870 1845 1130 1904 καλέεται
1155 1845 1556 1921 Σεβεννυτικόν
1581 1844 1786 1922 στόμα.
1847 1848 1972 1908 ἔστι

364 1933 425 1993 δὲ
451 1934 543 1992 καὶ
570 1934 728 2009 ἔτερα
754 1931 997 2008 διφάσια
1022 1931 1284 2010 στόματα
1302 1930 1417 1992 α’πὸ
1442 1936 1545 1994 τοῦ
1564 1933 1970 2010 Σεβεννυτικοῦ

361 2020 803 2100 ἀποσχισθέντα,
846 2020 1092 2098 φέροντα
1132 2024 1188 2084 ἐς
1228 2019 1554 2081 θάλασσαν·
1613 2024 1771 2081 τοῖσι
1811 2021 1969 2083 οὔνό·

360 2134 512 2186 ματα
553 2108 735 2168 κέεται
780 2107 927 2178 τάδε,
967 2111 1044 2187 τῷ
1090 2111 1195 2186 μὲν
1248 2108 1511 2173 Σαϊτικόν
1550 2107 1747 2181 αὐτῶν,
1790 2114 1869 2190 τῷ
1911 2112 1969 2171 δὲ

363 2196 699 2273 Μενδήσιον.
782 2195 851 2256 τὰ
887 2197 947 2256 δὲ
983 2197 1327 2273 Βολβίτινον
1367 2195 1557 2274 στόμα
1594 2197 1686 2257 καὶ
1718 2197 1790 2258 τδ
1828 2205 1969 2259 Βου-

363 2285 591 2346 κολικόν
616 2283 715 2346 οὐκ
745 2284 1001 2365 ἰθαγενέα
1027 2283 1287 2362 στόματά
1315 2289 1455 2356 ἐστι,
1484 2284 1615 2345 ἀλλ’
1643 2284 1874 2362 ὀρυκτά.

273 2375 343 2434 18
443 2374 760 2453 Μαρτυρέει
805 2373 870 2432 δέ
908 2397 1007 2450 μοι
1045 2376 1119 2450 τῇ
1163 2372 1373 2453 γνώμῃ,
1417 2371 1505 2434 ὅτι
1544 2373 1798 2451 τοσαύτη
1846 2376 1969 2436 ἐστὶ

360 2461 644 2544 Αἴγυπτος
679 2460 823 2538 ὅσην
856 2460 983 2521 τινοὶ
1014 2461 1123 2541 ἐγὼ
1162 2459 1523 2538 ἀποδείκνυμι
1555 2464 1634 2540 τῷ
1664 2460 1837 2543 λόγῳ,
1876 2465 1970 2524 καὶ

360 2551 427 2610 τὰ
467 2548 770 2627 Ἀμμωνος
820 2547 1167 2627 χρηστήριον
1220 2547 1535 2629 γενόμενον,
1589 2549 1656 2610 τὰ
1706 2550 1817 2631 ἐγὼ
1868 2556 1969 2629 τῆς

362 2642 635 2715 ἐμεωυτοῦ
660 2635 881 2717 γνώμης
914 2636 1152 2714 ὕστερον
1183 2638 1314 2714 περὶ
1339 2637 1626 2718 Αἴγυπτον
1657 2638 1966 2717 ἐπυθόμην·

363 2727 417 2784 οἱ
441 2724 552 2806 γὰρ
580 2724 648 2801 δὴ
676 2729 735 2784 ἐκ
763 2726 993 2802 Μαρέης
1022 2750 1085 2784 τε
1117 2723 1319 2788 πόλιος
1349 2726 1442 2785 καὶ
1457 2724 1663 2790 Ἀπιος
1696 2726 1969 2791 οἰκέοντες

362 2812 649 2893 Αἰγύπτου
683 2811 756 2873 τοὶ
793 2811 1087 2890 πρόσουρα
1126 2812 1337 2891 Λιβύῃ,
1378 2812 1543 2874 αὐτοί
1579 2840 1644 2874 τε
1682 2813 1969 2880 δοκέοντες

364 2899 504 2959 εἶναι
541 2902 755 2977 Λίβυες
793 2900 886 2959 καὶ
925 2899 1025 2960 οὐκ
1064 2899 1364 2982 Αἰγύπτιοι
1405 2902 1498 2960 καὶ
1542 2900 1852 2981 ἀχθόμενοι
1891 2908 1965 2983 τῇ

363 2988 491 3063 περὶ
525 2987 599 3047 τὰ
634 2986 726 3064 ipo?
764 2988 1022 3065 θρησκίῃ,
1052 2987 1397 3065 βουλόμενοι
1434 2989 1650 3065 θηλέων
1683 2992 1846 3066 βοῶν
1883 2992 1964 3068 μὴ

365 3073 642 3152 ἔργεσθαι,
664 3076 917 3153 ἔπεμψαν
937 3080 993 3139 ἐς
1005 3074 1285 3151 Ἀμμωνα
1304 3074 1548 3152 φάμενοι
1567 3075 1769 3138 “οὖδὲν
1788 3080 1968 3154 σφίσι

365 3182 429 3217 τε
463 3161 555 3219 καὶ
579 3163 935 3241 Αἰγυπτίοισι
966 3162 1150 3222 κοινὰν
1181 3161 1341 3222 εἶναι·
1393 3164 1589 3225 οἰκέειν
1622 3190 1686 3225 τε
1719 3164 1835 3246 γοῖρ
1869 3167 1970 3237 ἔξω

366 3247 466 3300 τοῦ
498 3246 690 3305 Δέλτα
729 3248 822 3307 καὶ
862 3247 962 3308 οῦκ
1002 3248 1333 3324 ὁμολογέειν
1371 3249 1612 3321 αὐτοῖσι,
1644 3253 1975 3325 βούλεσθαί
