2184 3517
242 105 533 172 209—213]
940 107 1171 160 nmo.
1753 114 1851 161 105

239 184 522 246 ἀπόλοιτο
550 186 622 250 ὦς
643 185 910 266 τάχιστα·
950 185 1014 251 ὃς
1043 186 1168 248 ἀντὶ
1198 189 1303 265 μὲν
1328 187 1542 252 δούλων
1581 189 1851 266 ἐποίησας

242 275 571 351 ἐλευθέρους
624 275 857 351 Πέρσας
917 274 1072 347 εἶναι,
1137 275 1260 335 α’,ντὶ
1290 276 1374 335 ’δὲ
1424 275 1702 355 ἄρχεσθαι
1754 276 1851 337 ὕπ’

239 360 437 423 ἄλλων
474 361 665 441 ἄρχειν
705 362 975 423 ἁπάντων.
1064 369 1114 423 εἰ
1154 364 1218 423 δέ
1256 365 1341 428 τίς
1380 390 1470 425 τοι
1500 363 1627 443 ὄψις
1667 364 1847 447 ἄπαγ-

235 450 441 529 γέλλει
464 450 638 509 παῖδα
662 449 762 510 τὸν
789 450 924 527 ἐμόν
963 450 1200 529 νεώτερα
1233 451 1530 528 βουλεύειν
1559 452 1689 529 περὶ
1724 454 1843 527 σέο,

237 536 353 618 ἐγώ
396 562 486 598 τοι
526 538 877 616 παραδίδωμι
917 540 1171 618 χρῆσθαι
1201 539 1349 619 αὐτῷ
1390 544 1557 600 τοῦτο
1598 540 1631 601 ὅ
1670 565 1727 601 τι
1768 541 1845 601 σύ

231 624 532 700 βούλεαι.”
607 624 963 702 ’Υστάσπ-ης·
989 630 1095 703 μὲν
1145 627 1397 689 τούτοισι
1451 627 1843 707 ἀμειψάμενος,

235 714 334 773 καὶ
382 713 586 790 διαβας
635 713 737 775 τόν
780 711 1037 792 Ἀράξὲα,
1094 715 1183 792 ἤϊε
1225 721 1281 781 ἐς
1323 716 1554 795 Πέρσας
1595 717 1862 793 φυλάξων

234 801 411 880 Κύρῳ
442 801 550 863 τᾶν
587 802 763 861 παῖδα
803 806 1055 879 Δαρεῖον.

319 893 511 967 Κῦρος
553 890 613 950 δὲ
654 890 949 968 προελθὼν
1000 890 1117 951 (ἰπο
1158 896 1259 952 τοῦ
1297 890 1543 970 Ἀράξεω
1590 891 1799 972 ημέρης
1816 896 1931 953 211

220 960 446 1050 ὅδόν,’
419 978 597 1037 εποίεε
622 1004 724 1042 τας
756 978 1013 1056 Κροίσου
1036 978 1337 1055 υποθήκας.
1397 1007 1540 1057 μετα
1566 981 1626 1040 δὲ
1648 987 1841 1053 ταῦτα,

229 1064 435 1142 Κύρου
472 1092 535 1127 τε
576 1066 668 1126 καὶ
694 1067 967 1144 Περσέων
1006 1072 1109 1129 τοῦ
1136 1069 1381 1145 καθαροῦ
1422 1074 1668 1146 στρατοῦ
1708 1068 1841 1129 α’,πε-

225 1152 522 1217 λάσαντος
561 1154 745 1215 ὄπίσω
788 1155 881 1214 ἐπὶ
903 1154 1005 1216 τᾶν
1030 1155 1272 1233 Ἀράξεα
1304 1157 1635 1233 λειφθέντος
1657 1157 1717 1216 δὲ
1741 1162 1841 1218 τοῦ

225 1240 490 1321 ἀχρηίου,
544 1244 868 1304 ἐπελθοῦσα
901 1248 1013 1304 τῶν
1058 1245 1485 1325 Μασσαγετέων
1523 1246 1843 1323 τριτημορὶς

224 1334 338 1390 τοῦ
377 1336 627 1410 στρατοῦ
662 1330 793 1395 τούς
831 1357 895 1392 τε
932 1333 1269 1410 λειφθέντας
1312 1336 1415 1407 τῆς
1439 1332 1632 1412 Κύρου
1670 1359 1839 1411 στρα-

224 1422 359 1494 τιῆς
413 1417 640 1496 ἐφόνευε
698 1418 1082 1496 ἀλεξομένους,
1153 1421 1246 1480 καὶ
1302 1420 1408 1497 τήν
1474 1423 1841 1499 προκειμένην

227 1505 446 1570 ἰδόντες
518 1507 683 1567 δαῖτα
757 1506 830 1571 ὥς
903 1507 1275 1587 ἐχειρώσαντο
1352 1508 1482 1574 τοῦς
1565 1511 1839 1575 ἐναντίους

225 1595 518 1659 κλιθέντες
569 1595 838 1670 δαίνυντο,
892 1597 1277 1674 πληρωθέντες
1339 1597 1399 1657 δὲ
1466 1600 1695 1676 φορβῆς
1746 1600 1840 1659 καὶ

226 1683 393 1743 οἴνου
437 1680 613 1744 εὗδον·
657 1686 711 1744 οἱ
746 1683 807 1743 δὲ
837 1683 1063 1761 Πέρσαι
1090 1684 1418 1749 ἐπελθόντες
1443 1685 1698 1751 πολλοῦς
1735 1687 1839 1763 μέν

224 1776 432 1848 σφεων
473 1771 802 1849 ἐφόνευσαν,
830 1776 1034 1851 πολλῷ
1057 1773 1105 1832 δ’
1132 1774 1212 1834 ἔτι
1236 1777 1481 1838 πλεῦνας
1517 1774 1839 1857 ἐζώγρησαν

224 1860 332 1920 καὶ
368 1858 582 1924 αλλους
621 1861 713 1920 καὶ
747 1861 847 1921 τὸν
881 1865 984 1938 τῆς
1016 1862 1321 1939 βασιλείης
1350 1861 1625 1940 Τομύριος
1662 1863 1839 1923 παῖδα

134 2001 139 2004 ,
222 1949 652 2032 στρατηγέοντα
695 1951 1138 2030 Μασσαγετέων,
1176 1976 1255 2029 τῳ
1291 1976 1501 2028 ουνομα
1534 1950 1606 2028 ἦν
1649 1953 1835 2028 Σπαρ-

218 2036 495 2118 γαπίσης.
550 2035 627 2096 Ἡ
654 2037 731 2107 δὲ,
758 2038 1045 2114 πυθομένη
1069 2038 1143 2098 τά
1166 2064 1230 2099 τε
1254 2039 1383 2116 περὶ
1400 2038 1506 2115 τήν
1526 2039 1797 2117 στρατιὴν
1814 2042 1933 2100 212

218 2123 508 2207 γεγονότα
550 2126 644 2184 καὶ
673 2151 748 2186 τα
771 2126 899 2203 περὶ
935 2152 1037 2187 τον
1071 2127 1262 2201 παῖδα,
1291 2128 1596 2205 πέμπουσα
1622 2127 1835 2205 κήρυκα

219 2239 392 2291 παρα
417 2216 612 2291 Κῦρον
655 2215 816 2295 ἔλεγε
857 2213 1008 2273 τάδε·
1051 2221 1087 2250 “
1104 2214 1365 2291 ἄπληστε
1401 2216 1636 2291 αἵματος
1660 2220 1833 2294 Κῦρε,

216 2300 408 2378 μηδὲν
434 2302 681 2380 ἐπαρθῇς
704 2327 782 2380 τῳ
805 2301 1062 2384 γεγονότι
1086 2302 1223 2380 τῷδε
1248 2301 1552 2382 πρήγματι,
1585 2306 1633 2361 εἰ
1663 2301 1837 2379 ἀμπε-

216 2389 370 2468 λίνῳ
414 2394 622 2468 καρπῷ,
670 2392 853 2469 τῶπερ
901 2389 1060 2450 αυτοὶ
1113 2389 1526 2468 ἐμπιπλάμενοι
1568 2389 1839 2466 μαίνεσθε

218 2502 375 2538 ουτω
418 2477 564 2538 ὥστε
605 2477 889 2542 κατιόντος
912 2482 1013 2539 τοῦ
1041 2479 1194 2539 οἴνου
1231 2484 1287 2542 ἐς
1324 2478 1392 2540 τό
1434 2483 1601 2555 σῶμα
1639 2483 1838 2539 ἐπανα-

215 2564 442 2626 πλώειν
465 2564 598 2643 ύμῖν
633 2567 769 2627 ἔπεα
796 2566 954 2637 κακοὶ,
995 2565 1225 2647 τοιούτῳ
1260 2566 1538 2647 φαρμάκῳ
1581 2567 1840 2633 δολώσας

218 2652 545 2732 ἐκράτησας
569 2654 767 2719 παιδός
790 2660 891 2716 τοῦ
918 2658 1072 2733 ἐμοῦ,
1107 2654 1239 2715 ἀλλ’
1278 2656 1344 2718 οὗ
1384 2655 1543 2736 μάχῃ
1588 2657 1730 2717 κατὰ
1768 2659 1836 2718 τὰ

218 2741 512 2820 καρτερόν.
598 2746 697 2804 νῦν
740 2741 815 2804 ὦν
859 2769 965 2821 μευ
1015 2743 1073 2802 εὖ
1116 2744 1526 2822 παραινεούσης
1571 2743 1837 2823 ύπόλαβε

215 2830 330 2891 τὸν
369 2829 561 2911 λόγον·
606 2829 846 2895 οἷποδούς
888 2857 988 2908 μοι
1028 2831 1130 2892 τᾶν
1162 2834 1337 2892 παῖδα
1377 2832 1538 2893 ἄπιθι
1569 2837 1630 2891 ἐκ
1663 2834 1841 2910 τῆσδε

215 2921 332 2994 τῆς
365 2918 554 2998 χώρης
589 2918 843 2996 ἀζήμιος,
880 2922 1309 3002 Μασσαγετέων
1348 2921 1696 2998 τριτημορίδι
1736 2924 1838 2981 τοῦ

222 3011 484 3083 στρατοῦ
530 3009 898 3085 κατυβρίσας·
944 3012 992 3066 εἰ
1028 3007 1089 3066 δὲ
1126 3008 1207 3084 μὴ
1248 3012 1425 3067 ταῦτα
1450 3008 1527 3067 σι)
1562 3008 1833 3083 ποιήσεις,

219 3093 396 3171 ἥλιον
414 3094 697 3173 ἐπόμνυμί
707 3121 797 3156 τοι
813 3095 912 3157 τᾶν
926 3096 1355 3175 Μασσαγετέων
1374 3095 1656 3170 δεσπότην
1668 3094 1705 3171 ἦ
1721 3094 1837 3171 μήν

220 3207 303 3244 σε
336 3182 446 3265 ἐγώ
480 3184 575 3243 καὶ
609 3181 908 3260 ἄπληστον
933 3181 1096 3242 ἐόντα
1112 3183 1347 3260 αἵματος
1366 3181 1627 3259 κορέσω.”
1683 3187 1796 3242 Κῦ-
1813 3185 1933 3243 213

225 3299 334 3344 ρος
351 3268 459 3348 μέν
483 3295 584 3333 νυν
606 3273 719 3333 τῶν
745 3270 920 3333 ἐπέων
946 3269 1143 3330 οὐδένα
1164 3268 1377 3331 τούτων
1415 3268 1833 3349 ἀνενειχθέντων
