2184 3517
321 53 417 102 296
935 49 1303 100 ‘HPvo'ro‘r
1797 51 1928 114 [IV.

319 136 421 192 τοῦ
455 130 638 192 πλόου
675 132 768 198 καὶ
795 130 900 207 τήν
936 131 1184 208 ἐρημίην,
1212 129 1436 206 ἀπῆλθε
1461 128 1662 199 ὀπίσω,
1691 128 1803 189 οὐδ’
1831 135 1931 189 ε’·ιι·ο

323 220 549 279 ετέλεσε
582 218 681 280 τόν
714 219 946 288 ἐπέταξέ
980 222 1034 278 οἱ
1067 218 1108 293 ἦ
1146 216 1333 294 μήτηρ
1373 215 1597 277 ἄεθλον·
1648 217 1934 297 θυγατέρα

322 307 433 389 γοὶρ
475 307 740 383 Ζωπύρου
778 311 878 367 τοῦ
920 305 1270 387 Μεγαβύζου
1312 306 1591 381 ἐβιήσατο
1625 305 1930 382 παρθένον·

326 396 516 455 ἔπειτα
552 397 866 473 μέλλοντος
903 393 1071 454 αὐτοῦ
1107 394 1197 453 Sui
1227 394 1436 469 ταύτην
1460 393 1565 469 τὴν
1590 396 1775 470 αἰτίην
1798 392 1935 454 ἅνα-

326 484 765 544 σκολοπιεῖσθαι
802 481 913 543 ὖπὸ
953 481 1172 560 Ξέρξεω
1202 482 1499 557 βασιλέος,
1534 480 1572 556 ἦ
1602 480 1792 558 μήτηρ
1827 487 1934 542 τοῦ

329 570 675 640 Σατάσπεος,
709 574 884 629 ἐοῦσα
925 570 1167 646 Δαρείου
1207 568 1477 644 ἀδελφεὴ,
1516 567 1932 646 παραιτήσατο,

327 659 495 736 φᾶσά
529 662 583 737 οἱ
622 658 762 734 αὐτὴ
793 659 940 735 μέζω
972 658 1173 734 ζημίην
1205 656 1494 732 ἐπιθήσειν
1518 656 1663 733 ἤπερ
1701 661 1933 718 ἐκεῖνον·

328 746 552 823 Λιβύην
576 745 687 828 γάρ
715 749 769 805 οἳ
794 745 1040 827 ἀνάγκην
1068 745 1303 805 ἔσεσθαι
1327 744 1681 822 περιπλώειν,
1709 748 1766 808 ἐς
1799 744 1834 804 ὃ
1863 743 1934 806 ἂν

328 835 593 911 ἀπίκηται
628 836 943 910 περιπλέων
968 833 1143 910 αὐτὴν
1171 840 1226 897 ἐς
1249 832 1350 893 τᾶν
1374 832 1651 911 Ἀράβιον
1692 833 1931 895 κόλπον·

328 921 802 1004 συγχωρήσαντος
828 922 892 981 δὲ
906 921 1125 999 Ξέρξεω
1153 922 1244 981 ἐπὶ
1269 920 1538 991 τούτοισι,
1559 920 1591 980 ὁ
1619 919 1935 998 Σατάσπης

333 1010 669 1089 ἀπικόμενος
695 1016 749 1074 ἐς
775 1010 1059 1091 Αἴγιηττον
1075 1010 1168 1069 καὶ
1194 1007 1395 1085 λαβῶν
1414 1010 1512 1068 νέα
1536 1035 1599 1069 τε
1619 1009 1715 1067 καὶ
1731 1008 1936 1074 ναύτας

329 1098 484 1178 παρὰ
507 1098 732 1169 τούτων,
762 1099 926 1157 ἔπλεε
951 1097 1106 1175 παρὰ
1131 1095 1480 1175 Ἡρακληίας
1505 1095 1748 1172 στήλας·
1792 1097 1935 1156 διεκ-

328 1187 566 1251 πλώσας
607 1188 667 1247 δὲ
708 1187 800 1245 καὶ
842 1185 1067 1264 κάμψας
1104 1185 1172 1246 τό
1208 1185 1549 1263 ἀκρωτήριον
1574 1190 1675 1260 τῆς
1709 1184 1936 1262 Λιβύης

328 1280 406 1356 τῷ
445 1274 655 1354 οὕνομα
695 1272 927 1340 Σολόεις
968 1274 1109 1344 ἐστὶ,
1152 1275 1320 1333 ἔπλεε
1357 1272 1498 1350 πρὸς
1541 1273 1936 1350 μεσαμβρίην·

332 1362 586 1441 περήσας
617 1365 677 1422 δὲ
710 1362 1015 1423 θάλασσαν
1048 1361 1277 1437 πολλὴν
1309 1367 1367 1421 ἐν
1402 1365 1681 1421 πολλοῖσι
1707 1360 1934 1438 μήνεσι,

329 1452 454 1511 ἐπεί
487 1477 550 1511 τε
588 1455 688 1510 τοῦ
728 1453 967 1513 πλεῦνος
1012 1450 1120 1509 αἰεὶ
1167 1450 1297 1519 ἔδεε,
1338 1448 1705 1528 ἀποστρέψας
1747 1449 1936 1510 ὀπίσω

329 1537 629 1597 απέπλεε’
603 1564 657 1601 ες
683 1537 989 1617 Αἴγυπτον·
1023 1543 1084 1597 ἐκ
1111 1537 1171 1597 δὲ
1195 1537 1399 1613 ταύτης
1425 1536 1762 1614 ἀπικόμενος
1776 1563 1935 1615 παρα

330 1626 586 1702 βασιλέα
624 1625 850 1702 Ξέρξεα,
888 1626 1046 1707 ἔλεγε
1086 1626 1201 1702 φοῖς
1231 1653 1303 1686 τα
1341 1626 1686 1702 προσωτάτω
1724 1625 1934 1703 σῖνθρῶ-

327 1740 467 1777 πους
513 1739 785 1791 σμικρους
827 1713 1192 1793 παραπλέειν,
1238 1714 1436 1790 ἐσθῆτι
1482 1716 1770 1793 φοινικηίῃ
1817 1714 1935 1774 δια-

326 1803 687 1882 χρεωμένους·
730 1801 810 1872 οἳ,
828 1801 966 1865 ὅκως
1002 1806 1175 1878 σφεῖς
1201 1803 1537 1883 καταγοίατο
1560 1807 1635 1911 τῇ
1661 1830 1769 1880 νηι,
1797 1803 1936 1914 φεύ-

330 1915 539 1971 γεσκον
573 1888 714 1967 πρός
751 1889 822 1950 τοὶ
863 1916 1029 1967 ουρεα
1067 1891 1355 1954 λείποντες
1379 1916 1480 1954 τας
1505 1889 1729 1955 πόλιας·
1771 1890 1937 1951 αυτοὶ

329 1979 389 2038 δὲ
440 1977 674 2039 ἀδικέειν
721 1978 878 2039 ουὸὲν
922 1978 1185 2048 ἐσιόντες,
1228 1977 1497 2056 πρόβατα
1541 1978 1601 2037 δὲ
1647 1983 1830 2056 μοῦνα
1870 1980 1938 2049 ἐξ

330 2066 535 2128 αὖτέων
574 2067 910 2145 λαμβάνειν·
950 2071 1051 2127 τοῦ
1092 2068 1153 2126 δὲ
1190 2066 1272 2145 μὴ
1304 2070 1667 2145 περιπλῶσαι
1707 2067 1936 2145 Λιβύην

328 2159 629 2226 παντελῶς,
657 2156 834 2216 αἴτιον
858 2155 986 2216 τόδε
1014 2156 1191 2236 ἔλεγε,
1217 2154 1284 2215 τὸ
1312 2159 1517 2215 πλοῖον
1540 2155 1608 2215 vd
1635 2156 1833 2232 πρόσω
1864 2156 1935 2216 οὗ

331 2245 565 2306 δυνατόν
590 2246 670 2304 ἔτι
703 2243 1051 2320 προβαίνειν,
1079 2242 1212 2302 ἀλλ’
1242 2244 1589 2323 ἐνίσχεσθαι·
1631 2244 1845 2320 Ξέρξης
1872 2245 1940 2304 δὲ

333 2332 399 2393 οὗ
429 2336 482 2392 οἷ
509 2332 906 2414 συγγινώσκων
920 2332 1108 2413 λέγειν
1134 2330 1368 2407 ἀληθέα,
1397 2331 1498 2391 οὔκ
1527 2332 1944 2395 ἐπιτελέσαντά

326 2447 389 2481 τε
427 2422 526 2482 τὸν
564 2421 926 2498 προκείμενον
967 2419 1173 2479 ἄεθλον
1219 2419 1652 2490 ἀνεσκολόπισε,
1693 2421 1799 2496 τὴν
1834 2421 1941 2498 ‹ip-

330 2511 498 2589 χαίην
541 2509 696 2585 δίκην
739 2513 1022 2586 ἐπιτιμῶν.
1070 2508 1288 2572 τούτου
1331 2509 1395 2569 δὲ’
1434 2514 1544 2569 τοῦ
1599 2510 1937 2575 Σατάσπεος

332 2597 591 2676 εὐνοῦχος
620 2596 886 2673 οἷπέδρη’
861 2623 915 2660 ες
942 2595 1152 2672 Σάμον,
1181 2589 1307 2654 ἐπεί
1318 2622 1394 2657 τε
1422 2595 1659 2657 ἐπύθετο
1684 2621 1941 2676 ταχιστα

328 2685 428 2745 τόν
465 2684 742 2744 δεσπότεα
776 2684 1282 2760 τετελευτηκότα,”
1253 2711 1392 2764 εχων
1415 2684 1682 2763 χρήματα
1706 2684 1943 2766 μεγάλα

333 2773 406 2833 τοὶ
433 2770 694 2849 Σάμιος’
660 2772 798 2849 ανὴρ
820 2772 1080 2852 κατέσχε·
1108 2776 1209 2833 τοῦ
1230 2773 1613 2850 ἐπιστάμενος
1617 2773 1693 2832 τὰ
1703 2798 1942 2849 ουνομα,

335 2860 469 2920 ἐκων
497 2859 855 2935 ἐπιλήθομαι.

243 2947 314 3002 44
395 2951 508 3022 Τῆς
548 2947 608 3005 δὲ
645 2945 845 3023 Ἀσίης
877 2946 951 3008 τοὶ
988 2948 1184 3007 πολλὰ
1222 2948 1334 3009 ὖπό
1377 2948 1618 3025 Δαρείου
1655 2949 1943 3026 ἐξευρέθη·

334 3057 394 3092 ος
427 3032 777 3109 βουλόμενος
806 3034 982 3094 Ἰνδὸν
1007 3036 1281 3113 ποταμὸν,
1310 3063 1372 3100 ος
1390 3036 1789 3114 κροκοδείλους
1812 3037 1943 3097 δεύ-

334 3139 490 3189 τερος
526 3116 686 3181 οὗτος
711 3146 979 3197 ποταμων
1004 3122 1226 3183 πάντων
1250 3123 1574 3203 παρέχεται,
1606 3129 1809 3184 τοῦτον
1833 3124 1948 3185 τὸν

336 3202 589 3302 ποταμόν
633 3206 828 3265 εἰδέναι
868 3212 939 3284 τῇ
990 3214 1046 3271 ἐς
1092 3211 1399 3271 θαλασσαν
1454 3210 1675 3282 ἐκδιδοῖ,
1723 3212 1944 3289 πέμπει
