2184 3517
263 99 361 150 200
870 95 1236 146 ἮΡοΔοτοτ
1730 94 1865 161 [m.

264 179 468 238 ἑωυτοῦ
514 173 792 235 δεσπότεα
834 173 955 250 μετ’
1001 177 1319 256 Αἰγυπτίων
1364 174 1683 239 ἐπαναστὰς
1732 175 1869 251 ε’φό-

264 261 477 326 νευσε.”
544 264 711 321 τοῦτο
748 260 816 337 δὴ
844 260 911 321 τὸ
941 263 1071 324 ἔπος
1107 264 1199 321 καὶ
1233 262 1373 339 αὕτη
1397 262 1435 339 ἦ
1470 263 1617 338 αἰτίη
1647 268 1871 344 ἐγγενο-

262 352 403 430 μένη
435 348 613 431 ἤγαγε
650 348 976 426 Καμβύσεα
1009 349 1110 410 τὸν
1151 350 1360 427 Κύρου,
1390 349 1652 431 μεγάλως
1688 351 1872 427 θυμω-

266 441 447 508 θέντα,
477 436 559 498 ἐπ’
577 438 880 516 Αἶγιηττον.
939 435 1082 496 οὕτω
1106 437 1210 513 μέν
1236 463 1333 497 νυν
1357 439 1596 518 λέγουσι
1622 439 1871 515 Πέρσαι.

198 530 237 588 2
265 526 561 608 Αἰγύπτιοι
586 523 646 583 δὲ
662 527 1010 631 aoZmy‘ion'Jwrm,
1037 524 1382 602 Καμβύσεα,
1411 525 1660 602 φάμενοί
1676 551 1776 603 μιν
1805 530 1873 585 ἐκ

265 614 471 690 ταύτης
510 612 577 688 δη
617 615 718 687 τῆς
753 610 994 688 Ἀπρίεω
1040 612 1314 694 θυγατρὸς
1348 613 1633 692 γενέσθαι·
1675 616 1875 691 Κῦρον

263 702 375 785 γοὶρ
424 700 562 760 εἶναι
606 698 706 759 τὸν
756 700 1060 777 πέμψαντα
1111 700 1266 777 παροί
1310 699 1567 778 Ἀμασιν
1620 701 1713 759 ε’πὶ
1763 727 1875 777 την

267 789 560 872 θυγατέρα,
597 784 729 846 ἀλλ’
761 787 826 847 ού
864 788 1212 865 Καμβύσεα.
1280 789 1543 869 λέγοντες
1578 788 1639 847 δὲ
1671 793 1870 859 ταῦτα,

267 876 366 938 οὔκ
393 875 570 954 ορθόῖς
602 874 994 956 λέγουσι.ού
1019 875 1135 952 μὴν
1162 874 1288 935 οὔδε
1314 876 1526 952 λέληθε
1553 875 1768 947 αὗτοῦς,
1797 877 1875 956 (εἰ

265 963 378 1049 γάρ
422 989 565 1027 τινες
617 962 712 1021 καὶ
756 963 944 1034 ἄλλοι,
985 962 1056 1023 τοὶ
1102 964 1373 1040 Περσέων
1423 963 1635 1041 νόμιμα
1690 963 1873 1042 ὀρθῶς

268 1051 592 1114 ἐπιστέαται
628 1050 720 1110 καὶ
751 1049 1089 1132 Αἰγύπτιοα)
1116 1050 1203 1111 ὅτι
1236 1056 1431 1129 πρῶτα
1460 1054 1567 1129 μὲν
1599 1051 1768 1113 νόθον
1803 1051 1874 1112 οὔ

268 1147 382 1217 σφι
433 1139 604 1217 νόμος
658 1140 783 1199 ε’στὶ
831 1139 1205 1215 βασιλεΐσαι,
1258 1140 1497 1221 γνησίου
1546 1138 1872 1216 παρεόντος·

270 1254 425 1292 αυτις
449 1227 581 1299 δὲ’
547 1255 635 1289 οτι
661 1226 1076 1303 Κασσανδάνης
1099 1230 1202 1303 τῆς
1219 1227 1570 1305 Φαρνάσπεω
1594 1228 1875 1309 θυγατρός

270 1316 344 1392 ἦν
379 1319 513 1379 παῖς
551 1315 893 1392 Καμβύσης,
930 1313 1129 1392 οἷνδρος
1162 1314 1576 1394 Ἀχαιμενίδεω,
1606 1314 1740 1374 ἀλλ’
1768 1315 1874 1376 ούκ

270 1409 332 1464 ἐκ
365 1408 468 1480 τῆς
501 1403 826 1484 Αἰγυπτίης·
896 1401 1050 1462 αλλοὶ
1085 1403 1510 1481 παρατρέπουσι
1541 1429 1643 1463 τον
1674 1401 1872 1485 λόγον,

268 1490 740 1570 προσποιεύμενοι
764 1495 836 1568 τῇ
862 1489 1054 1567 Κύρου
1079 1493 1226 1571 οἰκίῃ
1245 1493 1540 1572 συγγενέες
1565 1490 1724 1551 εἶναι.
1778 1493 1873 1552 καὶ

202 1583 239 1639 3
265 1581 444 1640 ταῦτα
477 1579 582 1654 μὲν
617 1574 723 1635 ὦδε
763 1578 897 1656 ἔχει.
963 1578 1207 1659 Λέγεται
1246 1579 1316 1638 δὲ·
1346 1579 1440 1638 καὶ
1474 1579 1568 1639 ὅδε
1603 1579 1636 1641 ὁ
1676 1579 1870 1661 λόγος,

271 1665 399 1739 ἐμοὶ
437 1667 542 1742 μὲν
585 1663 651 1724 ού
690 1663 941 1729 πιθανός·
998 1665 1071 1729 ὥς
1110 1670 1221 1726 τῶν
1263 1667 1559 1745 Περσίδων
1597 1672 1876 1749 γυναικῶν

273 1752 592 1816 ἐσελθοῦσά
616 1777 700 1816 τις
724 1752 878 1829 παρὰ
902 1753 1002 1817 τοὶς
1029 1754 1222 1831 Κύρου
1244 1751 1524 1837 γυναῖκας,
1552 1754 1624 1820 ὥς
1656 1756 1768 1816 εἶδε
1796 1761 1873 1835 τῇ

271 1840 658 1919 Κασσανδάνῃ
683 1845 1047 1917 παρεστεῶτα
1070 1843 1239 1903 τέκνα
1265 1843 1473 1903 εὐειδέα
1495 1869 1558 1904 τε
1585 1845 1678 1903 καὶ
1701 1845 1870 1926 μεγά-

190 1947 197 1956 “
270 1935 365 2001 λα,
406 1932 605 2008 πολλῷ
645 1932 849 2008 ἐχρᾶτο
889 1933 966 2009 τῷ
1005 1931 1209 2010 ἐπαίνῳ
1247 1929 1781 2009 ύπερθωυμιίζουσα·
1830 1932 1872 2009 ἦ

273 2020 334 2079 δὲ
368 2016 771 2092 Κασσανδάνη,
801 2021 975 2078 ἐοῦσα
1007 2022 1109 2079 τοῦ
1146 2019 1340 2097 Κύρου
1372 2019 1530 2101 γυνὴ,
1563 2020 1684 2080 εἶπε
1718 2020 1870 2080 τάδε·

271 2118 309 2145 “
321 2108 547 2168 τοιῶνδε
579 2106 771 2184 μέντοι
807 2108 904 2182 ε’μὲ
938 2106 1152 2167 παίδων
1185 2107 1403 2186 μητέρα
1440 2112 1647 2168 εὀὓσαν
1682 2113 1873 2185 Κῦρος

271 2201 330 2257 ἔν
368 2194 560 2274 ἀτιμίῃ
601 2195 732 2273 ἔχει·
778 2194 882 2271 τὴν
921 2194 967 2254 δ’
1009 2194 1104 2255 ἀπ’
1144 2195 1433 2276 Αἰγύπτου
1475 2197 1770 2272 ἐπίκτητον
1810 2200 1874 2257 ἐν

268 2288 404 2364 τιμῇ
427 2281 689 2345 τίθεται.”
753 2282 858 2359 τήν
882 2285 987 2360 μὲν
1011 2282 1332 2362 ἀχθομένην
1355 2288 1427 2362 τῇ
1455 2283 1661 2360 Νιτήτι
1693 2286 1871 2345 εἰπεῖν

271 2378 465 2434 ταῦτα·
518 2376 628 2433 τῶν
667 2371 730 2431 δέ
775 2374 830 2432 οἱ
873 2371 1085 2431 παίδων
1123 2371 1223 2432 τόν
1267 2371 1658 2449 πρεσβύτερον
1698 2375 1875 2432 εἰπεῖν

272 2461 618 2539 Καμβύσεα·
660 2470 697 2497 “
713 2458 907 2541 τοιγάρ
934 2485 1040 2530 τοι,
1070 2458 1114 2518 ὦ
1145 2462 1342 2537 μῆτερ,
1372 2458 1542 2519 ε’πεοῖν
1574 2459 1681 2539 ἐγὼ
1705 2460 1873 2540 γένω-

270 2575 375 2627 μαι
406 2548 563 2625 σῖνῆρ,
591 2545 877 2628 Αἰγύπτου
912 2547 983 2607 τοὶ
1017 2548 1122 2624 μὲν
1157 2545 1268 2607 ἅνω
1306 2547 1453 2607 κοίτω
1491 2547 1666 2624 θήσω,
1700 2545 1772 2607 τὰ
1811 2548 1876 2607 δὲ
1907 2573 1912 2578 ·

272 2635 418 2696 κάτω
458 2634 619 2695 ἅνω.”
682 2638 859 2694 ταῦτα
899 2638 1071 2695 εἰπεῖν
1110 2634 1279 2695 αὐτὸν
1318 2631 1444 2695 ἔτεα
1488 2635 1560 2699 ὥς
1599 2635 1733 2694 δέκα
1771 2662 1877 2695 κου

270 2722 559 2805 γεγονότα,
582 2721 676 2781 καὶ
698 2721 800 2785 τὰς
822 2726 1086 2804 γυναῖκας
1112 2728 1172 2782 ἐν
1197 2722 1446 2802 θωύματι
1465 2723 1745 2805 γενέσθαι·
1772 2722 1878 2783 τόν

272 2812 334 2871 δὲ
354 2807 892 2887 διαμνημονεύοντα,
924 2809 1066 2870 οὕτω
1104 2810 1191 2887 δὴ,
1231 2813 1356 2871 ε’πεί
1389 2837 1454 2872 τε
1488 2808 1743 2888 ἀνδρώθη
1780 2811 1878 2870 καὶ

270 2900 407 2979 ἔσχε
443 2898 548 2975 τήν
584 2897 917 2975 βασιληίην,
942 2897 1299 2974 ποιήσασθαι
1332 2897 1438 2976 τὴν
1474 2897 1559 2959 ἐπ’
1586 2900 1880 2979 Αἴγυπτον

272 2987 597 3064 “wamm-

203 3078 242 3134 4
350 3073 643 3148 Συνήνεικε
669 3072 841 3130 δὲκαὶ
859 3070 1010 3132 ἄλλο
1032 3098 1090 3133 τι
1114 3073 1329 3134 τοιόνδε
1354 3077 1592 3154 πρῆγμα
1608 3074 1881 3182 γενέσθαι

272 3164 328 3222 ἐς
350 3159 454 3235 τήν
474 3158 902 3237 ἐπιστράτευσιν
926 3160 1149 3237 ταύτην.
1212 3159 1283 3236 ἦν
1301 3164 1413 3220 τῶν
1437 3160 1739 3237 ἐπικούρων
1763 3187 1882 3222 των

266 3244 545 3321 Ἀμασιος
569 3245 709 3322 ἀνὴρ
734 3247 896 3327 γένος
919 3273 1025 3324 μεν
1047 3246 1548 3325 Ἀλικαρνησσευς,
1576 3272 1789 3324 ουνομα
1813 3247 1884 3308 δέ

27 3367 179 3417 m
