2184 3517
249 123 537 188 188—192]
831 125 1284 177 MEAHOMENH.
1760 130 1852 183 357

249 206 398 266 σέων
435 207 658 286 ἔχονται
698 204 967 283 οἷροτῆρες
990 205 1099 282 ἤδη
1124 208 1354 284 Λίβυες,
1383 207 1476 267 καὶ
1502 208 1678 272 οἰκίας
1704 211 1857 287 νομί-

248 294 438 365 ζοντες
464 295 754 370 ἐκτῆσθαι·
793 298 947 355 τοῖσι
973 294 1185 372 οὕνομα
1212 296 1395 355 κέεται
1422 294 1667 365 Μάξυες·
1709 298 1762 358 οἳ
1786 298 1859 359 τὰ

251 383 497 452 ἐπιδεξιοὶ
536 386 648 444 τῶν
689 386 980 459 κεφαλέων
1015 384 1283 462 κομόωσι,
1320 383 1392 444 τοὶ
1432 383 1478 442 δ’
1516 386 1857 464 ἔπαριστερᾶ

249 471 522 547 κείρουσι·
552 470 619 531 τὰ
647 472 707 530 δὲ
732 475 898 550 σῶμα
923 473 1195 553 χρίονται
1202 474 1405 552 μίλτῳ·
1442 474 1591 549 φασὶ
1619 474 1677 532 δὲ
1705 472 1859 537 οὗτοι

250 559 393 618 εἶναι
418 563 527 618 τῶν
555 565 615 618 ἐκ
642 562 843 637 Τροίης
878 560 1108 638 ἀνδρῶν.
1176 561 1215 636 ἦ
1242 562 1301 620 δὲ
1326 561 1481 641 χώρη
1510 560 1650 638 αὕτη
1675 589 1738 622 τε
1766 564 1858 624 καὶ

246 646 287 722 ἦ
323 646 499 724 λοιπὴ
525 652 626 724 τῆς
651 648 871 725 Λιβύης
895 648 933 725 ἦ
959 648 1106 727 πρὸς
1142 651 1403 727 ἑσπέρην,
1430 653 1632 729 πολλῷ
1659 651 1856 729 θηριω-

248 734 488 811 δεστέρη
523 761 587 795 τε
627 737 721 794 καὶ
748 735 1078 813 δασυτέρη’
1053 738 1178 796 εστὶ
1201 741 1304 812 τῆς
1329 742 1440 798 τῶν
1465 737 1719 815 νομάδων
1744 740 1852 819 χῶ-

248 848 372 899 Ρης·
411 822 450 899 ἦ
479 825 583 899 μὲν
617 825 728 905 γὰρ
768 824 837 900 δή
877 850 1017 902 προς
1041 825 1147 901 τήν
1172 824 1254 900 ἧῶ
1280 830 1381 902 τῆς
1404 827 1641 904 Λιβύης,
1669 827 1773 905 τήν
1800 833 1852 888 οῖ

250 910 487 988 νομάδες
528 913 777 989 νέμουσι,
824 913 947 972 ἔστι
991 912 1227 989 ταπεινή
1269 940 1332 974 τε
1386 915 1477 973 καὶ
1523 916 1849 994 ψαμμώδης,

247 1000 419 1109 μέχρι
455 1003 557 1060 τοῦ
596 1002 868 1077 Τρίτωνος
903 1006 1182 1078 ποταμοῦ·
1236 1002 1273 1078 ἠ
1307 1003 1366 1061 δὲ
1402 1001 1515 1062 οἷπο
1551 1003 1751 1063 τούτου
1787 1004 1853 1063 τὸ

249 1113 394 1164 προς
424 1089 679 1164 ἑσπέρης,
707 1088 745 1164 ἦ
777 1115 887 1149 των
919 1089 1221 1166 αροτήρων,
1256 1090 1443 1168 ὀρεινή
1467 1116 1530 1150 τε
1556 1090 1734 1168 κάρτα
1761 1093 1851 1152 καὶ

249 1175 430 1234 δασέα
471 1177 564 1236 καὶ
597 1176 886 1253 θηριώδης·
930 1177 1022 1239 καὶ
1053 1178 1164 1260 γάρ
1194 1183 1247 1238 οἱ
1279 1178 1437 1254 ὄφιες
1464 1182 1519 1239 οἶ
1542 1177 1854 1260 ὑπερμεγά-

249 1263 372 1327 θεες
399 1264 490 1323 καὶ
517 1291 571 1323 οι
597 1265 820 1328 λέοντες
848 1292 989 1325 κατα
1012 1292 1244 1330 τουτους
1271 1268 1398 1337 εἶσὶ,
1417 1267 1510 1326 καὶ
1536 1270 1591 1326 οἳ
1616 1268 1850 1343 ε’λεφαν-

246 1351 341 1413 τές
364 1378 426 1412 τε
454 1352 546 1411 καὶ
573 1350 782 1429 ἄρκτοι,
802 1381 894 1412 και
874 1353 1144 1419 οἷσπίδες
1169 1379 1231 1414 τε
1259 1354 1350 1413 καὶ
1371 1354 1490 1415 ὄνοι
1517 1358 1570 1415 οἱ
1595 1353 1668 1415 τοὶ
1693 1356 1853 1432 κέρεα

249 1440 491 1519 ἔχοντες·
533 1441 625 1501 καὶ
663 1444 717 1500 οἶ
750 1443 1142 1518 κυνοκέφαλοι,
1172 1442 1265 1501 καὶ
1303 1445 1356 1503 οἶ
1397 1441 1677 1518 οἷκέφαλοι
1710 1446 1763 1501 οἱ
1798 1447 1856 1503 ε’ν

246 1531 401 1588 τοῖσι
434 1528 677 1604 στήθεσι
716 1529 846 1592 τούς
886 1530 1224 1608 ὄφθαλμούς
1256 1532 1490 1611 ἔχοντες,
1525 1530 1623 1610 (ὥς
1655 1531 1722 1607 δή
1760 1532 1851 1590 λέ-

246 1618 449 1698 γονταί
483 1643 550 1698 γε
589 1617 701 1678 ὖπό
741 1617 1014 1697 Λιβύων,)
1059 1620 1151 1678 καὶ
1193 1623 1247 1679 οἱ
1289 1619 1472 1700 ἄγριοι
1520 1618 1727 1696 ἄνδρες,
1762 1621 1854 1678 καὶ

245 1709 502 1787 γυναῖκες
553 1705 760 1787 ἄγριαι,
817 1707 908 1765 καὶ
961 1707 1118 1766 ἄλλα
1177 1708 1384 1785 πλήθεϊ
1435 1707 1632 1767 πολλοὶ
1687 1708 1853 1785 θηρία

247 1793 666 1872 ἀκατάψευστα.
726 1794 891 1854 Κατσῖ
915 1795 1046 1860 τούς
1072 1796 1344 1873 Νομάδας
1369 1796 1431 1856 δέ
1456 1801 1580 1859 ἐστι
1604 1795 1813 1857 τούτων
1835 1800 1947 1856 192

248 1881 424 1953 οὐδὲν,
473 1882 604 1942 ἀλλ’
645 1882 801 1942 ἄλλα
845 1883 1050 1944 τοιάδε·
1106 1885 1402 1966 πύγαργοι,
1443 1885 1535 1944 καὶ
1576 1885 1852 1962 ζορκάδες,

248 1970 342 2029 καὶ
383 1971 714 2048 βουβάλιες,
758 1972 850 2030 καὶ
893 1971 1028 2043 ὄνοι,
1071 1972 1172 2033 οὐκ
1217 1976 1271 2032 οἱ
1310 1972 1382 2033 τα
1428 1974 1588 2050 κέρεα
1636 1975 1855 2054 ἔχοντες

247 2058 405 2117 ἄλλα.
441 2056 613 2118 α”λλοι
650 2059 868 2119 ἄποτοι·
912 2058 977 2120 οὗ
1009 2060 1122 2142 γὰρ
1158 2060 1226 2137 δή
1264 2063 1510 2121 πίνουσι·
1554 2063 1647 2121 καὶ
1683 2061 1853 2139 ὄρυες,

244 2152 358 2207 τῶν
371 2146 443 2209 ‘rof
473 2148 634 2224 κέρεα
657 2152 812 2208 τοῖσι
832 2150 1044 2224 φοίνιξι
1062 2153 1116 2209 οἱ
1130 2148 1337 2229 πήχεες
1352 2153 1654 2209 ποιεῦνται·
1684 2151 1854 2231 μέγα·-

246 2235 346 2299 θος
372 2235 432 2295 δὲ
458 2232 524 2295 τὸ
553 2237 748 2315 θηρίον
770 2240 939 2300 τοῦτο
977 2237 1120 2298 κατὰ
1144 2240 1293 2315 βοῦν
1321 2238 1462 2297 ἐστι’·
1505 2238 1598 2296 καὶ
1623 2238 1853 2313 βασσά-

243 2349 357 2399 ρια,
395 2324 487 2382 καὶ
521 2322 721 2396 ὕαιναι,
758 2325 850 2384 καὶ
885 2325 1165 2405 ὕστριχες,
1205 2327 1298 2385 καὶ
1338 2326 1483 2402 κριοὶ
1523 2323 1724 2404 ἄγριοι,
1764 2328 1857 2385 καὶ

245 2412 476 2482 δίκτυες,
506 2413 598 2471 καὶ
624 2414 777 2483 θῶες,
806 2413 898 2472 καὶ
922 2414 1218 2491 πάνθηρες,
1247 2414 1340 2474 καὶ
1364 2412 1587 2491 βόρυες,
1611 2414 1704 2471 καὶ
1731 2440 1856 2491 κρο-

247 2498 494 2569 κόδειλοι
533 2500 675 2561 ὅσον
705 2527 769 2562 τε
802 2501 1099 2582 τριπήχεες
1138 2507 1415 2583 χερσαῖοι,
1440 2505 1582 2582 τῇσι
1606 2501 1857 2581 σαύρῃσι

248 2589 681 2665 ἐμφερέστατοι·
734 2590 827 2648 καὶ
873 2590 1142 2669 στρουθοι
1196 2616 1503 2672 καταγαιοι,
1554 2591 1647 2649 καὶ
1700 2588 1859 2665 ὄφιες

248 2678 480 2754 σμικροὶ
518 2679 680 2755 κέρας
713 2679 771 2738 ἓν
800 2678 1037 2742 ἕκαστος
1068 2679 1308 2759 ἔχοντες.
1374 2678 1553 2741 ταῦτά
1576 2705 1640 2738 τε
1666 2678 1735 2755 δή
1762 2677 1858 2737 αὔ-

245 2764 373 2825 τόθι
410 2766 535 2825 ἐστὶ
568 2767 750 2844 θηρία,
782 2768 874 2826 καὶ
900 2766 1043 2845 ἅπερ
1069 2771 1143 2846 τῇ
1168 2766 1339 2847 ἄλλῃ,
1366 2766 1521 2844 πλὴν
1549 2766 1770 2844 ἐλάφου
1795 2791 1859 2826 τε

248 2853 342 2912 καὶ
379 2852 477 2917 ὖὸς
516 2852 734 2935 οἷγρίου·
778 2856 990 2930 ἔλαφος
1027 2856 1087 2914 δὲ
1120 2856 1213 2915 καὶ
1245 2853 1309 2919 ὗς
1350 2854 1541 2936 ἄγριος
1573 2860 1633 2916 ἐν
1662 2853 1855 2932 Λιβύῃ

244 2940 484 3018 πάμπαν
511 2941 611 3001 οὐκ
640 2944 781 3002 ἔστι.
848 2946 1002 3019 μυῶν
1030 2943 1089 3001 δὲ
1113 2944 1279 3024 γένεα
1303 2944 1463 3022 τριξὰ
1490 2943 1685 3004 αὐτόθι
1714 2943 1857 3003 ε’στί·

248 3031 302 3088 οἱ
336 3032 440 3106 μὲν
476 3030 700 3094 δίποδες
738 3031 1050 3101 καλέονται,
1081 3030 1223 3090 οἶδὲ
1259 3033 1515 3112 ζεγέριες·
1560 3031 1649 3112 (τὸ
1678 3032 1737 3090 δὲ
1766 3029 1854 3090 οὔ·

220 3144 394 3194 ·νσμ,α
424 3117 591 3178 τοῦτό
630 3124 753 3178 ε’στι
791 3120 893 3195 μὲν
920 3118 1193 3195 Λιβυκὸν,
1222 3119 1447 3179 δύναται
1473 3120 1531 3178 δὲ
1560 3118 1701 3179 κατὰ
1725 3119 1856 3179 Ἑλ-

244 3205 396 3265 λάδα
432 3211 710 3287 γλῶσσαν
751 3207 995 3288 βουνοί·)
1028 3210 1082 3267 οἱ
1114 3207 1174 3267 δὲ
1216 3208 1439 3288 ἐχινέες.
1522 3207 1633 3266 εἶσὶ
1667 3207 1726 3266 δὲ
1763 3207 1857 3266 καὶ

243 3297 426 3372 γαλαῖ
463 3300 522 3354 ἐν
559 3298 637 3372 τῷ
676 3296 892 3374 σιλφίῳ
933 3295 1238 3377 γινόμεναι,
1278 3300 1416 3374 τῇσι
1460 3295 1857 3372 Ταρτησσίῃσι
