2184 3517
346 112 450 159 210
961 110 1330 162 ‘HPOAOTOT
1721 106 1725 110 ⁸
1817 107 1952 173 [III.

328 187 583 263 ἀληθέα,
611 187 799 268 (ἥκετε
824 187 936 271 γάρ
976 188 1251 251 κατόπται
1275 190 1378 264 τῆς
1412 189 1551 265 ε’μῆς
1582 185 1802 268 ἀρχῆς,)
1829 186 1961 247 οὔτε

354 277 558 339 ἐκεῖνος
584 274 723 353 ἀνήρ
750 280 875 336 ε’στι
900 276 1127 340 δίκαιος·
1171 281 1220 336 εἰ
1253 276 1365 357 γάρ
1392 274 1464 351 ἦν
1492 275 1720 344 δίκαιος,
1748 274 1859 334 οὔτ’
1888 272 1963 335 ἂν

355 362 674 441 ἐπεθύμησε
713 363 897 443 χώρης
941 363 1124 439 ἄλλης
1164 361 1202 439 ἢ
1242 369 1343 440 τῆς
1391 366 1594 423 ἑωυτοῦ
1642 361 1755 422 οὔτ’
1794 388 1864 423 αν
1904 368 1965 427 ἔς

338 450 701 526 Ρδουλοσύνην
737 450 1061 528 ἀνθρώπους
1095 450 1202 532 ἦγε
1230 449 1322 510 ὑπ’
1359 447 1435 510 ὧν
1473 450 1649 527 μηδὲν
1686 449 1964 527 ἠδίκηται·

354 543 451 599 νῦν
483 539 543 598 δὲ
588 537 737 617 αὐτῷ
768 538 934 609 τόξον
961 538 1090 600 τόδε
1131 539 1371 603 διδόντες
1410 538 1544 598 τάδε
1576 540 1710 597 ἔπεα
1745 540 1966 619 λέγετε·

340 626 638 690 ,Βασιλεὺς
689 625 724 686 ὅ
777 626 1061 688 Αἰθιόπων
1128 626 1513 704 συμβουλεύει
1562 631 1642 706 τῷ
1695 627 1969 703 Περσέων

354 714 612 791 βασιλέϊ,
673 713 840 774 ε’πεοίν
893 715 1036 776 οὕτω
1100 714 1366 779 εὐπετέως
1426 716 1635 775 ἕλκωσι
1699 716 1774 776 τὰ
1823 707 1970 786 τόξα

361 802 584 879 Πέρσαι
622 802 783 864 ε’όντα
823 802 1057 884 μεγάθεϊ
1095 808 1364 874 τοσαῦτα,
1403 802 1534 864 τότε
1574 802 1658 863 ἐπ’
1690 804 1970 868 Αἰθίοπας

341 890 492 954 τοῦς
518 890 889 969 Μακροβίους
921 890 1133 967 πλήθεϊ
1166 891 1671 969 ὑπερβαλλόμενον
1699 890 1970 969 στρατεύ-

369 979 551 1039 εσθαι·
598 980 767 1058 μέχρι
802 978 863 1037 δὲ
885 978 1085 1039 τούτου
1121 981 1306 1041 θεοῖσι
1346 979 1544 1040 εἰδέναι
1574 979 1840 1059 χάριν,οἳ
1866 978 1972 1039 οῦκ

345 1066 460 1126 ·ε’πὶ
485 1066 614 1128 νόον
643 1067 916 1144 τρέπουσι
940 1066 1226 1129 Αἰθιόπων
1251 1069 1419 1128 παισὶ
1442 1069 1552 1149 γῆν
1578 1068 1765 1145 ἄλλην
1787 1093 1972 1144 προσ-

275 1156 352 1215 22
370 1155 610 1215 κτασθαι
639 1159 711 1233 τῇ
749 1154 993 1216 ἑωυτῶνῖ
1092 1160 1285 1216 Ταῦτα
1316 1156 1377 1215 δὲ
1409 1157 1582 1225 εἶπας,
1612 1156 1705 1214 καὶ
1732 1155 1877 1219 άνεὶς
1902 1183 1976 1217 το

364 1242 547 1313 τόξον,
573 1243 856 1321 παρέδωκε
884 1247 1038 1303 τοῖσι
1064 1242 1286 1320 ἥκουσι·
1326 1243 1529 1319 λαβών
1560 1243 1622 1302 δὲ
1650 1243 1719 1304 vc)
1749 1243 1878 1322 εἷμα
1902 1270 1974 1305 το

365 1330 702 1442 πορφύρεον,
737 1331 933 1409 εἰρώτα
974 1331 1005 1391 ὅ
1042 1358 1100 1392 τι
1131 1333 1215 1408 εἴη
1248 1331 1340 1391 καὶ
1379 1331 1519 1395 ὅκως
1552 1333 1971 1408 πεποιημένον·
1955 1379 1974 1403 ,

352 1417 636 1479 εἰπόντων
686 1418 748 1477 δὲ
783 1423 899 1480 τῶν
933 1418 1323 1502 Ἰχθυοφάγων
1368 1419 1473 1495 τὴν
1525 1418 1803 1496 άληθηιην
1838 1420 1978 1498 περὶ

366 1509 469 1581 τῆς
504 1505 800 1585 πορφύρης
841 1508 933 1566 καὶ
983 1512 1085 1584 τῆς
1139 1510 1355 1584 βαφῆς,
1397 1507 1662 1585 δολεροῦς
1700 1511 1804 1586 μὲν
1838 1509 1980 1574 τοῦς

368 1592 689 1670 ἀνθρώπους
729 1595 838 1671 ἔφη
880 1594 1019 1655 εἶναι
1059 1595 1267 1673 δολερὰ
1301 1596 1375 1657 ,δὲ
1415 1595 1595 1657 αὐτῶν
1632 1596 1705 1657 ταῖ
1746 1595 1977 1674 εἵματα·

351 1680 596 1759 ,δεύτερα
620 1681 696 1752 δὲ,
736 1682 836 1741 τὸν
870 1686 1122 1761 χρυσοῦν
1159 1682 1355 1761 εἰρώτα
1390 1683 1669 1761 στρεπτόν
1692 1683 1793 1745 τὸν
1816 1709 1980 1762 περι·

352 1770 627 1851 -αυχένιον
666 1769 758 1828 καὶ
792 1769 865 1829 τὰ
895 1771 1086 1849 ψέλια·
1130 1771 1502 1852 ἐξηγεομένων
1527 1771 1589 1831 δὲ
1616 1776 1728 1832 τῶν
1754 1771 1981 1851 Ἰχθυο-

371 1856 569 1938 φάγων
601 1855 704 1918 τόν
738 1856 954 1936 κόσμον
989 1856 1187 1929 αὐτῶν,
1215 1860 1468 1940 γελάσας
1499 1859 1533 1920 ὁ
1557 1858 1836 1937 βασιλεῦς
1877 1861 1980 1920 καὶ

370 1945 608 2022 νομίσας
648 1943 791 2005 εἶναί
839 1953 998 2023 σφεα
1035 1947 1224 2017 πέδας,
1266 1946 1386 2007 εἶπε
1434 1947 1508 2012 ὥς
1545 1947 1676 2026 παρ’
1717 1949 1987 2009 ἑωυτοῖσί

358 2035 484 2092 ,εἰσι
517 2031 942 2111 ῥωμαλεώτεραι
979 2034 1193 2096 τούτων
1224 2035 1408 2095 πέδαι·
1446 2036 1636 2113 τρίτον
1657 2036 1745 2108 δὲ,
1774 2035 1981 2113 εἰρώτα

359 2119 439 2188 ,τό
472 2120 669 2198 μύρον·
710 2121 978 2184 εἰπόντων
1010 2123 1072 2183 δὲ
1109 2127 1212 2200 τῆς
1243 2122 1506 2199 ποιήσιος
1539 2124 1670 2202 πέρι
1705 2125 1797 2184 καὶ
1819 2123 1980 2185 ’ἀλεί-

375 2216 518 2287 ψιος,
537 2209 639 2271 τόν
662 2209 843 2282 αὐτᾶνο
856 2211 1032 2293 λόγον
1055 2210 1159 2271 τᾶν
1184 2212 1279 2271 καὶ
1301 2213 1431 2290 περὶ
1455 2214 1557 2272 τοῦ
1584 2212 1806 2290 εἵματος
1833 2212 1979 2273 εἶπε·

361 2296 447 2361 ,ὥς
481 2298 540 2380 δὲ
578 2303 632 2363 ἐς
664 2298 766 2360 τόν
803 2297 954 2359 οἶνον
993 2297 1225 2358 οἷπίκετο
1261 2300 1357 2359 καὶ
1392 2298 1628 2360 ἐπύθετο
1665 2296 1836 2358 αὐτοῦ
1867 2295 1986 2372 τὴν

372 2386 620 2463 ποίησιν,
672 2385 1008 2464 ὖπερησθείς
1056 2390 1135 2465 τῷ
1185 2385 1401 2465 πόματι
1453 2388 1710 2465 ἐπείρετο
1730 2383 1776 2457 ,ὅ
1817 2407 1876 2445 τι
1913 2409 1985 2445 τε

364 2475 622 2536 ’σιτέεται
648 2474 680 2535 ὅ
706 2475 1002 2552 βασιλεῦς,
1032 2476 1125 2534 καὶ
1150 2475 1356 2555 χρόνον
1387 2474 1596 2536 όκόσον
1625 2471 1985 2553 μακρότατον

364 2560 517 2638 ὀῖνηρ
557 2560 789 2638 Πέρσης
821 2562 978 2634 ζώει;
1021 2567 1077 2623 οἰ
1112 2563 1172 2623 δὲ
1206 2562 1500 2624 σιτέεσθαι
1533 2566 1638 2640 μὲν
1670 2587 1773 2623 τον
1807 2559 1987 2637 ἄρτον

379 2646 555 2718 εἶπαν,
596 2649 1005 2729 ἐξηγησάμενοι
1043 2654 1155 2712 τῶν
1195 2656 1386 2728 πυρῶν
1422 2650 1528 2728 την
1572 2649 1768 2728 φυσιν,
1808 2647 1986 2730 ὀγδώ-

377 2759 547 2794 κοντα
572 2734 618 2794 δ’
648 2736 771 2795 ἔτεα
797 2735 926 2814 ζόης
959 2737 1240 2817 πλήρωμα
1277 2738 1436 2817 άνδρὶ
1468 2738 1819 2816 μακρότατον
1842 2761 1988 2813 προ-

362 2820 629 2882 ,κέεσθαυ
667 2822 810 2901 πρὸς
830 2828 1009 2886 ταῦτα
1020 2825 1066 2886 ὁ
1092 2828 1305 2905 Αἰθίοψ
1334 2828 1463 2904 ἔφη,
1490 2825 1648 2887 οὐδὲν
1670 2824 1988 2902 θωυμάζειν

360 2914 435 2970 ,εἰ
469 2909 782 2988 σιτεόμενοι
823 2911 1034 2990 κόπρον
1067 2914 1194 2974 ἔτεα
1228 2914 1398 2995 ὀλίγα
1437 2914 1663 2986 ζώουσι·
1704 2912 1831 2974 οὐδὲ
1865 2912 1984 2992 γὰρ

368 2995 451 3057 ἂν
484 3002 736 3058 τοσαῦτα
767 2998 1040 3062 δύνασθαι
1075 3001 1231 3071 ζώειν
1262 3001 1448 3078 σφέας
1474 3006 1524 3061 εἰ
1556 3001 1643 3078 μὴ
1662 3003 1742 3079 τῷ
1765 2998 1987 3076 πόματι

362 3082 676 3160 -οἷνέφερον,
718 3085 946 3161 φράζων
994 3090 1152 3148 τοῖσι
1196 3087 1630 3170 Ἰχθυοφάγοισι
1672 3087 1774 3148 τᾶν
1814 3086 1989 3147 οἶνον·

290 3170 367 3229 23
384 3173 551 3230 τοῦτο
580 3171 692 3252 γὰρ
733 3173 964 3238 ἑωυτοῦς
997 3173 1112 3235 iord
1138 3175 1409 3251 Περσέων
1442 3176 1777 3236 ἑσσοῦσθαι.
1858 3172 1992 3238 'Au-

383 3257 712 3334 τειρομένων
761 3259 825 3319 δὲ
872 3260 976 3322 τᾶν
1010 3261 1280 3338 βασιλέα·
1308 3265 1420 3321 τῶν
1457 3260 1847 3342 Ἰχθυοφάγων
1883 3266 1994 3337 τῆς
