2184 3517
240 139 373 206 121]
906 142 1231 194 E‘rmrnn.
1756 148 1849 197 16⁵

239 218 597 296 ἐπετελέσθη
622 217 690 282 τὸ
723 219 944 298 οἴκημα,
971 220 1071 282 τόν
1100 224 1204 298 μὲν
1227 223 1482 299 βασιλέα
1507 223 1851 302 θησαυρίσαι

237 306 317 368 τοὶ
342 305 609 387 χρήματα
636 311 694 368 ἐν
719 306 884 386 αὐτῷ·
915 308 1124 387 χρόνου
1150 309 1210 369 δὲ
1234 308 1559 387 περιϊόντος,
1584 310 1686 373 τὸν
1706 315 1849 373 οἰκο-
1886 363 1891 368 .

239 395 423 473 δόμον
452 396 583 472 περὶ
607 395 875 471 τελευτὴν
899 399 1000 455 τοῦ
1022 396 1161 472 βίου
1195 393 1357 456 ἐόντα
1384 395 1850 462 ἀνακαλέσασθαι

237 483 379 546 τούς
411 482 628 552 παῖδας,
655 482 823 564 (εἶναι
850 481 961 564 γάρ
988 482 1135 562 αὐτῷ
1159 482 1301 562 δύο,)
1327 484 1582 546 τούτοισι
1616 486 1677 546 δὲ
1707 486 1848 565 άπη-

239 569 543 652 γήσασθαι
580 569 653 633 ὥς
687 572 905 631 ἐκείνων
939 572 1223 649 προορέων
1257 570 1398 635 ὅκως
1430 574 1567 649 βίον
1597 574 1851 651 ἄφθονον

242 660 440 738 ἔχωσι,
485 658 824 737 τεχνάσαιτο
878 659 1211 736 οἰκοδομέων
1261 659 1361 721 τὸν
1409 662 1695 740 θησαυρὸν
1745 667 1849 726 τοῦ

239 745 544 822 βασιλέος·
585 745 815 821 σαφέως
853 745 914 805 δὲ
944 745 1167 807 αὐτοῖσι
1205 746 1391 808 πάντα
1431 749 1849 831 ἐξηγησάμενον

239 832 320 894 τὰ
355 834 485 911 περὶ
521 832 627 910 τὴν
662 833 941 909 ἐξαίρεσιν
973 837 1075 893 τοῦ
1116 834 1297 905 λίθου,
1329 834 1518 896 δοῦναι
1555 836 1629 897 τὰ
1667 839 1847 917 μέτρα

241 919 435 992 αὖτοῦ,
457 920 699 1000 λέγοντα
718 919 791 984 οἷς
814 922 992 980 ταῦτα
1012 919 1502 997 διαφυλάσσοντες
1525 924 1721 1000 ταμίαι
1737 929 1848 986 τῶν

239 1008 528 1084 βασιλέος
543 1006 844 1087 χρημάτων
864 1008 1108 1068 ἔσονται.
1159 1007 1369 1069 καὶτὸν
1385 1009 1490 1085 μὲν
1507 1013 1846 1088 τελευτῆσαι

237 1092 351 1157 τᾶν
372 1097 524 1172 βίον,
549 1096 681 1159 τούς
705 1096 766 1155 δὲ
797 1095 1001 1159 παῖδας
1025 1093 1196 1156 αὖτοΰ
1223 1093 1323 1155 οὖκ
1346 1098 1412 1159 ’ἐς
1435 1096 1658 1174 μακρήν
1683 1099 1849 1179 ἔργου

239 1183 497 1262 ἔχεσθαι,
525 1182 862 1247 ἐπελθόντας
896 1182 958 1242 δὲ
989 1183 1081 1243 ἐπὶ
1116 1183 1189 1244 τὰ
1212 1182 1500 1260 βασιλήῖα
1525 1185 1723 1248 νυκτὸς
1754 1187 1847 1246 καὶ

235 1270 349 1331 τόν
382 1272 547 1332 λίθον
577 1271 670 1331 ἐπὶ
702 1275 781 1351 τῷ
812 1270 1216 1349 οἰκοδομήματι
1251 1270 1596 1349 ἀνευρόντας,
1629 1272 1850 1349 ῥηϊδίως

235 1357 768 1437 μεταχειρίσασθαι,
805 1359 898 1419 καὶ
936 1362 1047 1419 τῶν
1074 1357 1378 1438 χρημάτων
1399 1359 1612 1420 «πολλὰ
1652 1361 1845 1431 ἐξενεί-

238 1446 478 1506 κασθαι·
535 1445 608 1509 ὥς
651 1447 712 1507 δὲ
762 1450 951 1526 τυχεῖν
993 1447 1096 1507 τὸν
1138 1449 1395 1524 βασιλέα
1439 1446 1735 1519 ἀνοίξαντα
1778 1449 1847 1510 τὸ

236 1534 471 1610 οἴκημα,
499 1532 793 1612 θωυμάσαι
826 1533 1015 1595 ἰδόντα
1044 1538 1156 1595 τῶν
1179 1534 1481 1615 χρημάτων
1505 1535 1745 1597 καταδεᾶ
1773 1535 1849 1598 τοὶ

236 1619 476 1702 α’γγήῖα·
531 1620 632 1682 οὐκ
676 1622 822 1700 ἔχειν
869 1621 930 1681 δὲ
974 1619 1042 1681 ὅν
1084 1647 1211 1683 τινα
1257 1626 1585 1695 ἐπαιτιᾶται,
1628 1628 1740 1684 τῶν
1784 1647 1853 1684 τε·

237 1708 584 1788 σημάντρων
613 1707 812 1770 ἐόντων
843 1707 1003 1774 σῶων
1039 1709 1135 1769 καὶ
1168 1713 1268 1770 τοῦ
1305 1710 1606 1788 οἰκήματος
1641 1714 1853 1771 κεκλεω

234 1798 435 1874 μένου·
477 1795 549 1860 ὥς
589 1795 650 1856 δὲ
689 1794 836 1876 αὐτῷ
876 1796 969 1856 καὶ
1009 1795 1092 1859 δὶς
1132 1797 1226 1857 καὶ
1263 1799 1383 1875 τρὶς
1422 1796 1702 1869 ἀνοίξαντι
1740 1803 1851 1860 αἰεὶ.

239 1882 481 1945 ἐλάσσω
515 1884 817 1960 φαίνεσθαι
851 1881 924 1945 ταῖ
957 1882 1242 1963 χρήματα,
1269 1884 1421 1965 (τούς
1453 1883 1566 1967 γάρ
1603 1886 1849 1952 κλέπτας

239 1970 349 2032 οὖκ
386 1971 596 2033 α’νιέναι
635 1971 1026 2053 κεραΐζοντας,)
1057 1973 1303 2049 ποιῆσαί
1336 1998 1434 2049 μιν
1470 1972 1623 2033 τάδε·
1663 1974 1848 2056 πάγας

237 2059 564 2137 προστάξαι
599 2058 970 2141 ἐργάσασθαι,
1004 2059 1098 2119 καὶ
1133 2058 1339 2123 ταύτας
1371 2060 1500 2136 περὶ
1532 2060 1605 2120 τοὶ
1639 2060 1849 2143 άγγήῖα

241 2151 306 2206 ἐν
347 2150 501 2207 τοῖσι
541 2146 614 2207 τοὶ
651 2145 915 2226 χρήματα
956 2151 1085 2222 ἐνῆν
1126 2150 1360 2222 στῆσαι·
1401 2151 1513 2207 τῶν
1549 2147 1611 2206 δὲ
1648 2153 1847 2226 φωρῶν

241 2259 440 2311 ωσπερ
466 2239 525 2295 ἐν
558 2238 636 2313 τῷ
660 2232 771 2311 πρό
802 2259 903 2295 του
931 2233 1117 2313 χρόνω
1144 2232 1436 2304 ἐλθόντων,
1464 2235 1556 2292 καὶ
1592 2234 1845 2301 ἐνδύντος

236 2325 350 2383 τοῦ
397 2323 585 2400 ἕτερου
625 2320 822 2392 αὖτῶν,
866 2321 988 2381 ἐπεὶ
1026 2320 1170 2399 πρὸς
1207 2320 1276 2382 ro*
1314 2319 1492 2403 ἄγγος
1531 2324 1847 2398 προσῆλθε,

240 2410 405 2474 ἰθεως
428 2414 499 2490 τῇ
523 2409 677 2491 πάγῃ
703 2410 1013 2488 ἐνέχεσθαι·
1056 2409 1128 2474 ὦς
1152 2409 1213 2470 δὲ
1236 2412 1441 2491 γνῶναι
1466 2407 1637 2470 αυτὸν
1664 2414 1724 2469 ἐν
1748 2410 1847 2490 οἴῳ

239 2501 398 2577 κακῷ
420 2495 507 2574 ἦν,
527 2498 686 2561 ἰθέως
710 2497 931 2557 καλέειν
948 2498 1048 2558 τόν
1067 2496 1348 2575 οἷδελφεόν
1364 2497 1457 2557 καὶ
1481 2496 1690 2573 δηλοῦν
1703 2496 1850 2578 αὐτῷ

237 2585 317 2646 τοὶ
337 2584 633 2663 παρεόντα,
655 2586 748 2645 καὶ
774 2584 1018 2645 κελεύειν
1036 2585 1142 2661 τήν
1159 2587 1438 2666 ταχίστην
1457 2585 1695 2649 ἐσδύντα
1709 2584 1847 2646 οἷπο-

239 2672 474 2750 τάμνειν
512 2671 683 2733 αὐτοῦ
716 2671 822 2748 τήν
854 2672 1129 2749 κεφαλὴν,
1163 2672 1303 2737 ὅκως
1333 2673 1416 2751 μὴ
1450 2672 1616 2739 αὖτός
1653 2673 1851 2752 ὀφθεὶς

241 2761 343 2820 καὶ
366 2761 695 2842 γνωρισθεὶς
720 2759 784 2824 ὃς
814 2759 900 2836 εἴη
925 2762 1358 2838 προσαπολέσει
1383 2762 1476 2822 καὶ
1509 2766 1731 2825 ἐκεῖνον·
1771 2766 1850 2843 τῷ

241 2847 306 2907 δὲ
333 2846 494 2917 δόξαι
517 2847 579 2909 εὖ
604 2847 810 2929 λέγειν,
831 2847 928 2906 καὶ
952 2849 1198 2925 ποιῆσαί
1216 2874 1315 2925 μιν
1332 2850 1637 2911 πεισθέντα
1653 2854 1848 2912 ταῦτα·

242 2935 343 2995 καὶ
371 2934 811 3013 καταρμόσαντα
841 2934 941 2996 τᾶν
970 2934 1136 2996 λίθον
1169 2934 1390 2997 α’πιέναι
1430 2935 1515 2997 ἐπ’
1542 2939 1712 3007 οἴκου,
1749 2938 1848 3012 φέ-

240 3047 422 3101 ροντα
464 3022 572 3100 τὴν
618 3021 878 3099 κεφαλήν
923 3026 1026 3082 τοῦ
1071 3021 1368 3098 ἀδελφεοῦ.
1452 3023 1525 3087 ὥς
1571 3022 1632 3082 δὲ
1669 3022 1852 3101 ἡμέρη

243 3109 488 3192 ἐγένετο,
516 3109 829 3171 ἐσελθόντα
859 3108 961 3170 τόν
984 3107 1244 3185 βασιλέα
1278 3113 1335 3172 ἐς
1364 3108 1430 3170 τδ
1457 3109 1664 3186 οἴκημα
1698 3113 1853 3171 ἐκπε-

242 3198 529 3278 πλῆχθαι,
555 3197 791 3277 ὄρέοντα
825 3195 893 3257 τὸ
929 3199 1097 3273 σῶμα
1130 3197 1233 3255 τοῦ
1266 3195 1453 3273 φωρός
1488 3201 1548 3257 ἐν
1586 3199 1661 3275 rip*
1698 3195 1856 3279 πάγῃ

243 3284 384 3346 ἄνευ
409 3289 511 3361 τῆς
538 3288 793 3362 κεφαλῆς
819 3283 929 3354 ἐὰν,
954 3282 1021 3344 τὸ
1047 3283 1108 3343 δὲ
1140 3281 1349 3361 οἴκημα
1371 3281 1574 3356 ἀσινὲς,
1602 3283 1695 3344 καὶ
1730 3283 1859 3347 οὔτε
