2184 3517
276 97 505 163 53-55]
960 98 1228 150 θΑΛΕιΛ.
1564 114 1569 118 ·
1792 97 1889 150 ‘227

273 177 472 254 ραννὶς
508 180 705 255 χρῆμα
745 175 1060 253 σφαλερόν·
1102 177 1317 237 πολλοὶ
1356 176 1417 235 δὲ
1449 176 1619 252 αὐτῆς
1656 176 1896 253 ἐρασταί

275 268 415 335 εἶσι,
442 265 475 325 6
515 265 576 324 δὲ
609 264 786 345 γέρων
810 288 872 323 τε
903 262 1011 339 ἤδη
1052 265 1145 323 καὶ
1171 263 1532 341 παρηβηκώς·
1572 263 1653 340 μὴ
1688 263 1791 341 δῷς
1819 260 1891 323 τά

275 356 532 413 σεωυτοῦ
558 351 748 434 etymo&
776 349 1062 411 ἅλλοισι·”
1103 352 1141 428 ἦ
1166 354 1271 429 μὲν
1296 351 1364 428 δὴ
1391 351 1465 412 τὰ
1491 350 1890 432 ἐπαγωγότατα

274 441 616 520 διδαχθεῖσα
655 439 765 499 im?
805 444 907 500 τοῦ
946 439 1159 516 πατρὸς
1192 441 1351 521 ἔλεγε
1381 438 1525 516 πρὸς
1550 438 1734 508 αὐτᾶν,
1763 436 1795 497 6
1832 437 1892 496 δὲ

271 527 720 607 ὑποκρινάμενος
746 528 856 604 ἔφη
884 527 1105 604 οὖδαμᾷ
1126 526 1280 603 ἥξειν
1306 533 1362 590 ἐς
1388 527 1668 603 Κόρινθον
1688 524 1801 585 ἔστ’
1822 521 1891 586 ἂν

272 616 629 691 πυνθάνηται
654 614 949 693 περιεόντα
974 615 1072 675 τᾶν
1097 617 1334 693 πατέρα·
1353 613 1804 696 ,ἀπαγγειλάσης
1829 613 1889 672 δὲ
1946 671 1957 678 ,

233 729 242 740 ¹
270 702 487 779 ταύτης
519 707 698 763 ταῦτα
732 700 799 763 τὰ
836 703 1025 779 τρίτον
1059 702 1402 779 Περίανδρος
1428 702 1639 779 κήρυκα
1663 702 1887 778 πέμπει,

272 788 637 868 βουλόμενος
670 789 837 853 αὐτὰς
860 792 966 867 μὲν
992 794 1048 852 ἐς
1074 791 1368 868 Κέρκυραν
1390 789 1560 865 ἥκειν,
1590 793 1798 850 ἐκεῖνον
1829 789 1893 860 δὲ

274 878 503 937 ἐκέλευε
544 883 601 941 ἐς
641 876 923 954 Κόρινθον
961 876 1303 955 ἀπικόμενον
1332 877 1596 957 διάδοχον
1628 877 1888 959 γίνεσθαι

269 969 387 1040 ,τῆς
425 966 761 1043 τυραννίδος·
815 967 1246 1028 καταινέσαντος
1286 963 1334 1025 δ’
1365 966 1458 1024 ἐπὶ
1494 965 1748 1026 τούτοισι
1785 968 1887 1024 τοῦ

269 1052 498 1125 ,π-αιδός,
514 1054 547 1114 6
572 1056 678 1131 μὲν
693 1054 1037 1132 Περίανδρος
1057 1054 1364 1116 ἐστέλλετο
1381 1057 1447 1129 ,ἐς
1471 1051 1576 1128 τήν
1596 1053 1888 1129 Κέρκυραν

276 1140 413 1200 ὅδὲ
448 1145 581 1205 παῖς
619 1168 673 1201 οι
710 1147 767 1206 ἐς
798 1140 904 1218 τήν
941 1140 1242 1217 Κόρινθον·
1282 1140 1554 1218 μαθόντες
1579 1139 1639 1199 δὲ
1663 1143 1718 1198 οἱ
1744 1146 1887 1216 Κερ-

271 1232 502 1303 κυραῖοι
537 1228 748 1289 τούτων
789 1254 1017 1300 εκαστα,
1062 1229 1152 1290 ἵνα
1189 1228 1273 1306 μή
1313 1234 1425 1304 σφι
1465 1228 1859 1304 Περίανδρος’
1834 1252 1889 1289 ες

269 1314 390 1390 τήν
419 1316 610 1395 χώρην
634 1316 903 1393 ἀπίκηται
934 1316 1216 1377 κτείνουσι
1249 1314 1349 1376 τὸν
1376 1341 1685 1391 νεηνισκον.
1766 1312 1890 1374 ἀντὶ

268 1402 490 1464 ,τούτων
512 1429 618 1482 μεν
643 1404 987 1482 Περίανδρος
1011 1404 1441 1481 Κερκυραίους’
1415 1403 1755 1510 ετιμωρέετο.

364 1492 795 1570 Λακεδαιμόνιοι
822 1492 882 1551 δὲ
906 1490 1099 1571 στόλω
1117 1491 1347 1573 μεγάλω
1368 1517 1438 1554 ως
1458 1489 1741 1561 ἀπίκοντο,
1765 1494 1888 1550 ἐπο·
1906 1493 1983 1549 54

271 1579 541 1658 λιόρκεον
574 1580 787 1657 Σάμον·
855 1578 1291 1657 προσβαλόντες
1327 1579 1387 1639 δὲ
1420 1578 1562 1656 πρός
1599 1578 1667 1639 τὰ
1701 1582 1888 1658 τεῖχος

272 1671 384 1728 τοῦ
428 1670 534 1746 μὲν
576 1667 719 1746 πρός
761 1667 1034 1747 θαλάσσῃ
1076 1671 1346 1731 ἑστεῶτος
1384 1667 1600 1748 πύργου
1642 1666 1782 1726 κατοὶ
1821 1666 1888 1727 τὰ

273 1756 625 1834 προάστειον
655 1760 757 1833 τῆς
791 1754 993 1819 πόλιος
1017 1755 1404 1833 ὑπερέβησαν·
1444 1755 1588 1833 μετὰ
1615 1756 1690 1825 δὲ,
1719 1754 1891 1815 αὐτοῦ

273 1842 684 1923 βοηθήσαντος
707 1842 1107 1921 Πολυκράτεος
1134 1844 1283 1923 χειρὶ
1313 1847 1526 1922 πολλῇ,
1555 1842 1887 1920 ἀπηλάσθη-

277 1956 417 1992 σαν·
460 1931 602 1992 κατὰ
638 1933 699 1992 δὲ
728 1931 828 1992 τὸν
864 1931 1048 1992 ἐπάνω
1079 1931 1297 2012 πύργον
1320 1931 1422 1991 τόι·
1448 1931 1540 1990 ἐπὶ
1569 1935 1673 2008 τῆς
1696 1931 1893 2010 ῥάχιος

275 2024 386 2080 τοῦ
425 2019 616 2097 οὔρεος
656 2019 906 2091 ἐπεόντα,
949 2019 1264 2095 ἐπεᾶλθον
1294 2020 1356 2079 οἵ
1383 2044 1446 2079 τε
1484 2021 1765 2097 ἐπίκουροι
1800 2021 1890 2079 καὶ

278 2106 468 2170 αὐτῶν
493 2109 719 2186 Σαμίων
750 2108 967 2188 συχνοὶ,
995 2106 1284 2184 δεξάμενοι
1309 2107 1371 2167 δὲ
1393 2106 1523 2170 τούς
1547 2107 1891 2184 Λακεδαιμο·

277 2195 433 2259 νίους
472 2196 558 2257 ἐπ’
591 2194 790 2277 ὀλίγον
827 2195 1033 2275 χρόνον
1072 2195 1312 2276 ἔφευγον
1351 2194 1555 2255 ὀπίσω·
1598 2197 1652 2253 οἳ
1687 2195 1746 2253 δὲ
1778 2200 1891 2254 ἐπι-

278 2284 564 2361 σπόμενοι
599 2285 857 2344 ἔκτεινον.
922 2287 996 2343 Εἰ
1026 2284 1133 2359 μέν
1161 2308 1260 2342 νυν
1294 2284 1351 2341 οἱ
1384 2281 1683 2358 παρεόντες
1716 2287 1891 2340 Λακε-
1907 2285 1985 2341 55

279 2370 641 2448 δαιμονίων”
608 2374 795 2449 ομοῖοι
820 2372 1075 2452 ἐγένοντο
1100 2369 1310 2445 ταύτην
1331 2368 1437 2445 τήν
1453 2367 1666 2445 ἡμέρην
1691 2367 1891 2447 Ἀρχιῃ

275 2484 345 2518 τε
386 2459 481 2519 καὶ
513 2458 776 2538 Λυκώπῃ,
810 2456 1069 2535 αἱρεθη
1035 2483 1106 2517 αν
1138 2457 1346 2534 Σάμος·
1386 2456 1617 2535 Ἀρχίης
1654 2481 1765 2536 γαρ
1799 2456 1892 2515 καὶ

276 2545 560 2622 Λυκώπης
588 2550 787 2624 μοῦνοι
818 2539 1268 2608 συνεσπεσόντες
1300 2544 1578 2626 φεύγουσι
1611 2547 1668 2608 ἐς
1691 2541 1758 2603 τὸ
1784 2546 1891 2604 τεῖ-

277 2660 387 2713 χος
424 2638 581 2695 τοῖσι
621 2635 890 2711 Σαμίοισι
922 2634 1016 2693 καὶ
1054 2631 1530 2709 ἀποκληισθέντες
1567 2635 1670 2709 τῆς
1707 2631 1891 2692 οπίσω

279 2722 437 2794 ὁδοῦ,
464 2721 744 2784 ἀπέθανον
770 2728 829 2783 ἐν
852 2726 925 2801 τῇ
951 2721 1090 2782 πόλι
1115 2725 1189 2801 τῇ
1215 2723 1458 2798 Σαμίων.
1514 2721 1681 2802 τρίτῳ
1707 2720 1766 2781 δὲ
1793 2719 1887 2781 ἀπ’

278 2809 523 2891 ’.Αρχίεω
563 2808 763 2871 τούτου
802 2809 1060 2891 γεγονότι
1100 2807 1261 2889 ἄλλῳ
1296 2808 1515 2889 Ἀρχίῃ,
1556 2812 1634 2888 τῷ
1674 2808 1889 2885 Σαμίου

279 2904 384 2961 τοῦ
421 2899 676 2978 Ἀρχίεω,
713 2896 880 2962 αυτὸς
912 2903 972 2958 ἐν
1004 2897 1226 2975 Πιτάνῃ
1261 2922 1367 2956 συι
1369 2896 1650 2977 εγενόμην,
1687 2895 1890 2975 (δήμου

207 3051 218 3054 ,
279 2987 394 3069 γὰρ
425 2986 629 3047 τούτου
659 2985 836 3067 ἦν,)
803 3013 865 3050 ος
897 2986 1087 3055 ξείνων
1113 2984 1334 3045 πάντων
1359 2984 1667 3059 μάλιστα’
1643 2982 1804 3058 ετίμα
1829 3008 1892 3042 τε

283 3075 551 3155 Σαμίους,
580 3076 677 3134 καί
705 3077 758 3135 οἶ
784 3078 860 3152 τῷ
884 3074 1054 3150 πατρὶ
1083 3074 1195 3148 ἔφη
1229 3070 1444 3147 Σάμιον
1467 3095 1712 3146 τουνομα
1733 3071 1893 3145 τεθῆ-

281 3190 375 3226 ναι
403 3162 496 3225 ὅτι
522 3165 576 3222 οἱ
602 3162 634 3223 6
660 3161 845 3239 πατὴρ
871 3159 1157 3238 Ἀρχίης’
1132 3184 1189 3217 εν
1217 3157 1388 3236 Σάμῳ
1416 3154 1755 3233 ἀριστεύσας
1780 3161 1892 3217 ἐτε-

278 3249 553 3329 λεύτησε·
581 3253 750 3328 τιμᾶν
776 3248 835 3307 δὲ
861 3247 1109 3323 Σαμίους
1133 3246 1260 3322 ἔφη,
1277 3244 1418 3305 διότι
1441 3245 1696 3320 ταφῆναί
1716 3246 1771 3303 οἶ
1792 3243 1894 3305 τὸν
