2184 3517
283 112 562 173 162-1051
870 112 1322 164 MEAIIOMENH.
1796 120 1885 169 347

277 190 540 274 [ἀνδρῶν]
565 192 774 273 γενεοὶς,
796 191 940 251 διδοῖ
956 190 1088 268 ύμῖν
1106 192 1315 269 Λοξίης
1333 195 1665 270 βασιλεύειν
1688 196 1888 272 Κυρη’-

277 305 403 356 νης·
444 281 621 339 πλέον
647 281 839 357 μέντοι
873 280 1074 339 τούτου
1103 280 1227 340 οὐδὲ
1253 282 1557 359 πειρᾶσθαι
1583 284 1886 360 παραινέει.

281 370 361 428 σύ
400 370 592 446 μέντοι
630 368 848 450 ἥσυχος
889 371 1027 430 εἶναι
1069 371 1355 431 κατελθὼν
1387 376 1442 435 ἐς
1476 371 1580 448 τῆν
1619 377 1888 432 σεωυτοῦ·

279 454 352 533 ἢν
378 458 438 516 δὲ
462 457 566 533 τὴν
601 457 833 534 κάμινον
866 458 1024 537 εὕρῃς
1053 460 1236 535 πλέην
1268 458 1586 537 οἷμφορέων,
1613 461 1694 537 μή
1729 461 1887 530 εἰξοπ5

276 544 464 623 τήσῃς
495 544 626 609 τοῦς
659 544 965 624 οἷμφορέας,
992 546 1123 606 ἀλλ’
1151 547 1449 625 ἀπόπεμπε
1475 547 1593 608 κατ’
1620 546 1804 625 οὖρον·
1843 552 1890 608 εἰ

280 635 343 694 δὲ
364 634 693 710 ἐξοπτήσεις
718 635 823 710 τήν
844 634 1090 712 κάμινον,
1112 636 1193 713 μή
1223 637 1462 715 ἐσέλθῃς
1483 642 1537 700 ἐς
1556 636 1659 710 τὴν
1680 635 1890 714 άμφίρ·

279 750 474 800 ρυτον·
518 728 565 784 εἷ
601 724 659 783 δὲ
693 722 792 799 μὴ,
820 723 1128 783 οἷποθανέαι
1165 725 1257 784 καὶ
1294 723 1460 788 αύτός
1496 724 1589 783 καὶ
1619 729 1820 801 ταῦρος
1855 723 1889 784 ὅ

282 810 720 872 καλλιστεύων.”
804 815 992 871 Ταῦτα
1027 811 1065 888 ἦ
1100 813 1287 887 Πυθίη
1328 811 1667 892 Ἀρκεσίλεῳ
1708 816 1844 891 χρᾷ·
1870 812 1984 871 164

281 898 316 958 ὁ
346 899 407 958 δὲ
432 899 784 976 παραλαβὼν
814 898 945 962 τούς
981 904 1041 959 ἐκ
1078 903 1180 974 τ-ἣς
1207 899 1402 975 Σάμου
1430 901 1679 976 κατῆλθε
1705 906 1760 963 ἐς
1784 900 1888 975 τὴν

284 986 575 1063 Κυρήνην·
647 987 739 1045 καὶ
786 987 1163 1064 ἐπικρατήσας
1210 991 1320 1047 τῶν
1377 986 1733 1067 πρηγμάτων,
1788 990 1889 1046 τοῦ

281 1076 556 1151 μανι-ηΐου
578 1073 678 1134 ούκ
707 1076 984 1151 ἐμέμνητο
1011 1073 1167 1133 άλλοὶ
1194 1074 1348 1137 δίκας
1373 1074 1503 1138 τοῦς
1522 1073 1887 1134 α’ντιστασιῶ-

281 1188 387 1225 τας
433 1162 578 1221 αἴτεε
623 1166 725 1238 τῆς
772 1166 974 1222 ἑωυτοῦ
1023 1166 1226 1242 φυγῆς.
1308 1165 1420 1221 τῶν
1466 1163 1525 1221 δὲ
1573 1165 1625 1221 οἱ
1671 1164 1775 1239 μὲν
1820 1162 1887 1222 τὸ

283 1248 553 1327 παράπαν
581 1255 641 1309 ἐκ
667 1255 767 1326 τῆς
790 1250 975 1329 χώρης
1000 1250 1470 1320 ἀπαλλάσσοντο,
1497 1250 1627 1313 τοῦς
1652 1251 1715 1309 δέ
1736 1277 1889 1314 τινας

284 1337 701 1416 χειρωσάμενος
740 1336 772 1397 ὅ
812 1336 1184 1414 Ἀρκεσίλεως
1221 1342 1276 1401 ε’ς
1318 1338 1553 1415 Κύπρον
1589 1338 1889 1397 ἀπέστειλε

287 1426 381 1485 ἐπὶ
398 1426 704 1505 διαφθορῇ·
730 1424 959 1489 τούτους
977 1427 1084 1502 μέν
1102 1452 1206 1493 ,νυν
1228 1426 1454 1486 Κνίδιοι
1467 1426 1890 1506 ἀπενειχθέντας

286 1513 429 1590 πρὸς
468 1512 574 1589 τήν
615 1513 901 1590 σφετέρην
939 1514 1263 1590 ἐρρύσαντο,
1313 1514 1405 1572 καὶ
1444 1519 1498 1576 ἐς
1534 1514 1724 1592 Θήρην
1757 1513 1914 1572 άπέ-.

289 1605 541 1661 στειλαν.
601 1601 816 1677 ἑτέρους
842 1601 906 1659 δέ
926 1627 1079 1664 τινας
1104 1605 1215 1661 τῶν
1241 1603 1569 1678 Κυρηναίων
1597 1607 1651 1665 ἐς
1678 1602 1890 1682 πύργον

292 1690 470 1770 ιιέγαν
506 1687 882 1769 Ἀγλωμάχου
938 1689 1364 1770 καταφυγόντας
1413 1689 1696 1763 ἶδιωτικὸν,
1747 1689 1891 1764 ὕλην

292 1776 605 1854 περινήσας
637 1804 668 1836 ο
708 1775 1078 1853 Ἀρκεσίλεως
1120 1777 1412 1854 ἐνέπρησε.
1479 1776 1673 1854 μαθων
1710 1778 1768 1836 δὲ
1807 1776 1890 1835 ἐπ’

292 1865 751 1945 ἐξεργασμένοισι
801 1890 867 1924 το
913 1863 1185 1941 μαντήϊον
1230 1864 1320 1925 ἐὰν
1360 1869 1544 1936 τοῦτο,
1589 1865 1674 1925 ὅτι
1720 1890 1816 1942 μιν
1868 1890 1905 1939 η

296 1953 481 2028 Πυθίη
520 1978 618 2011 ουκ
647 1953 709 2010 ἔα
737 1952 968 2029 εὑρόντα
1000 1957 1059 2011 ἐν
1089 1953 1422 2031 τῇ·καμίνῳ
1441 1953 1570 2017 τοῦς
1601 1953 1892 2031 αμφορέας

292 2042 618 2116 ἐξοπτῆσαι,
648 2041 837 2121 ἔργετο
876 2039 1015 2099 ἑκών
1039 2044 1141 2115 τῆς
1166 2044 1275 2099 τῶν
1309 2042 1635 2117 Κυρηναίων
1672 2040 1887 2114 πόλιος,

292 2130 581 2206 δειμαίνων
632 2154 694 2190 τε
739 2127 840 2189 τόν
881 2128 1223 2206 κεχρημένον
1266 2126 1506 2188 θάνατον
1553 2129 1644 2186 καὶ
1691 2129 1892 2187 δοκεων

292 2216 645 2329 ἀμφίρρυτον
685 2242 789 2292 την
836 2215 1100 2292 Κυρήνην
1153 2215 1316 2276 εἶναι·
1385 2215 1502 2295 εἶχε
1549 2216 1610 2274 δὲ
1660 2219 1893 2296 γυναῖκα

293 2306 581 2386 συγγενέα
615 2308 832 2374 ἑωυτοῦ,
882 2304 1161 2384 θυγατέρα
1204 2303 1263 2361 δὲ
1309 2307 1411 2362 τοῦ
1451 2305 1562 2362 τῶν
1602 2302 1892 2378 Βαρκαίων

292 2393 573 2469 βασιλέος
596 2396 673 2470 τῷ
700 2391 911 2469 οὕνομα
936 2390 1007 2466 ἦν
1029 2390 1294 2469 Ἀλαζίρ·
1335 2415 1489 2468 παρα
1513 2394 1714 2450 τοῦτον
1750 2389 1908 2449 ἀπικ-

293 2481 497 2539 νέεται·
568 2478 674 2540 καί
712 2504 811 2555 μιν
863 2479 1140 2554 Βαρκαῖοί
1187 2503 1249 2538 τε
1302 2475 1495 2555 ἄνδρες
1550 2477 1642 2536 καὶ
1675 2481 1787 2537 τῶν
1829 2483 1893 2535 ἐκ

295 2566 558 2644 Κυρήνης
592 2566 854 2648 φυγάδων
887 2567 1030 2629 τινὲς
1073 2565 1487 2643 καταμαθόντες
1527 2564 1891 2646 άγοράζοντα,

295 2656 597 2715 κτείνουσι·
630 2654 772 2733 πρός
790 2654 849 2713 δὲ
875 2654 966 2713 καὶ
981 2652 1084 2714 τὸν
1109 2653 1380 2730 πενθερὸν
1404 2652 1573 2714 αὐτοῦ
1597 2652 1894 2728 Ἀλαζῖρα.

292 2740 666 2819 Ἀρκεσῦιεως
695 2742 799 2819 μέν
830 2768 941 2811 νυν,
971 2742 1080 2801 εἴτε
1118 2740 1253 2801 ἕκῶν
1290 2742 1397 2801 εἴτε
1432 2740 1593 2810 ἄκων,
1632 2739 1895 2817 ἆμαρτῶν

292 2834 396 2890 τοῦ
420 2834 686 2909 χρησμοῦ
714 2830 991 2905 ἐξέπλησε
1016 2833 1221 2906 μοῖραν
1244 2828 1348 2904 τὴν
1375 2832 1596 2888 ἑωυτοῦ.

374 2918 450 2977 Ἡ
478 2919 538 2978 δὲ
552 2918 739 2996 μήτηρ
757 2918 1048 2994 Φερετίμη,
1069 2917 1204 2980 τέως
1223 2919 1326 2994 μὲν
1352 2916 1383 2976 ὁ
1408 2915 1778 2993 Ἀρκεσίλεως
1799 2920 1856 2974 ἐν
1877 2917 1990 2974 165

292 3010 367 3084 τῇ
392 3006 588 3085 Βάρκῃ
620 3007 870 3066 διαιτᾶτο
902 3005 1307 3085 ἐξεργασμένος
1342 3007 1518 3082 ἑωυτῷ
1552 3003 1738 3072 κακὸν,
1765 3002 1803 3079 ἦ
1838 3002 1898 3061 δὲ

295 3095 413 3173 εἶχε
442 3094 583 3170 αύτή
604 3097 706 3154 τοῦ
726 3091 926 3155 παιδός
948 3090 1020 3151 τα
1046 3093 1215 3172 γέρεα
1242 3098 1301 3152 ἐν
1328 3091 1574 3171 Κυρήνῃ,
1595 3091 1687 3150 καὶ
1706 3089 1897 3151 τᾶλλα

293 3184 571 3259 νεμομένη
599 3181 691 3240 καὶ
718 3184 777 3239 ἐν
801 3180 992 3257 βουλῇ
1019 3178 1363 3256 παρίζουσα·
1405 3181 1530 3239 ἐπεί
1550 3206 1612 3241 τε
1640 3180 1700 3239 δὲ
1726 3178 1897 3256 ἔμαθε

295 3273 355 3329 ἐν
392 3273 465 3348 τῇ
507 3268 702 3347 Βάρκῃ
742 3265 1100 3327 ἀποθανόντα
1141 3268 1195 3325 οἳ
1231 3264 1332 3326 τᾶν
1370 3267 1562 3338 παῖδα,
1602 3265 1897 3348 φεύγουσα
