2184 3517
219 118 525 182 138—142]
935 116 1165 170 mmm
1783 119 1847 172 τι

214 222 338 261 τας
380 202 577 258 ταῦτα·
630 198 917 275 ἐμφανέως
955 200 1068 281 γὰρ
1112 199 1181 276 δή
1220 200 1490 281 woffo-v)
1530 200 1845 279 κατακηρώ-

220 311 445 348 σαντες
475 283 613 360 ὃῆ’
572 311 646 346 ων
668 286 768 347 τόν
793 287 952 347 νέκυν
978 287 1206 364 Πέρσαι
1222 292 1300 368 γῇ
1328 287 1653 364 κρύπτουσι.
1721 287 1850 368 (μᾶ-

220 399 334 454 γοι
370 374 431 432 δὲ
463 373 823 452 κεχωρίδαται
852 373 1076 434 πολλὰν
1099 401 1210 435 των
1235 400 1299 435 τε
1325 374 1518 436 ἄλλων
1550 376 1851 454 ἀνθρώπων

225 462 336 519 καὶ
373 487 486 521 των
527 467 586 522 ἐν
625 460 889 542 Αἰγύπτω
931 463 1106 539 ἱρέων·
1162 465 1217 523 οἱ
1254 465 1359 539 μὲν
1398 489 1510 543 γαρ
1556 462 1853 546 ἁγνεύουσι

226 550 498 627 ἔμψυχον
527 549 701 626 μηδὲν
743 551 972 610 κτείνειν
1007 553 1058 610 εἰ
1089 550 1172 628 μή
1208 549 1323 611 ὅσα
1349 550 1664 612 θύουσι·οἰ
1689 553 1747 611 δὲ
1779 552 1849 629 δή

225 635 419 718 μάγοι
456 635 775 716 αὐτοχειρίῃ
812 636 999 697 πάντα
1035 638 1193 713 πλὴν
1233 663 1392 702 κυνος
1431 640 1524 698 καὶ
1557 638 1852 717 ἀνθρώπου

229 725 540 794 κτείνουσι,
568 726 661 784 καὶ
694 723 990 806 σῖγωνισμα
1014 725 1164 807 μέγα
1188 730 1357 786 τοῦτο
1381 730 1682 797 ποιεῦνται,
1712 728 1851 788 κτεί-

229 836 430 874 νοντες
460 811 661 888 ὁμοίως
693 811 988 889 μύρμηκάς
1022 837 1086 871 τε
1124 814 1216 872 καὶ
1250 811 1410 890 ὄφεις
1436 815 1528 873 καὶ
1552 812 1793 874 τᾶλλα*
1768 841 1850 891 ερ-

229 899 388 958 πετοὶ
430 901 523 958 καὶ
562 901 831 979 πετεινα.)
902 900 994 958 καὶ
1036 900 1070 957 <3
1082 901 1188 974 ··“ῥὶ
1230 902 1334 977 μὲν
1370 905 1449 980 τῷ
1489 901 1638 980 νόμῳ
1675 900 1851 981 τούτῳ

171 990 180 995 ’
233 989 417 1065 ε’χέτω
444 987 516 1049 ὥς
542 987 635 1046 καὶ
662 986 843 1066 ἀρχὴν
863 989 1048 1065 ε’νομίο
1064 1013 1154 1063 νη·
1196 986 1380 1066 ἄνειμι
1405 988 1466 1048 δὲ
1492 990 1584 1048 ε’πὶ
1602 988 1701 1050 τὸν
1717 987 1853 1066 πρό-

231 1099 406 1153 τερον
430 1074 627 1155 λόγον.
753 1138 764 1149 ,

312 1160 504 1225 Ἴωνες
528 1161 589 1221 δὲ
614 1162 706 1222 καὶ
731 1162 979 1232 Αἰολέες,
1008 1160 1082 1226 ὥς
1107 1164 1162 1221 οἱ
1186 1161 1362 1221 Λυδοὶ
1386 1161 1633 1241 τάχιστα
1659 1187 1813 1222 κατε·
1831 1165 1942 1223 141

236 1249 544 1326 στράφατο
577 1248 688 1309 §ard
724 1250 1009 1327 Περσέων,
1048 1251 1298 1326 ἔπεμπον
1332 1249 1606 1331 ἀγγέλους
1631 1254 1686 1314 ἐς
1711 1250 1855 1328 Σάρ-

239 1337 328 1400 δις
365 1337 522 1415 παρὰ
564 1340 771 1414 Κῦρον,
815 1337 1101 1400 ἐθέλοντες
1142 1338 1235 1397 ε’πὶ
1271 1341 1428 1398 τοῖσι
1462 1336 1686 1398 αὐτοῖσι
1717 1337 1855 1399 εἶναι

239 1428 399 1484 τοῖσι
421 1425 515 1483 καὶ
542 1425 774 1503 Κροίσῳ
793 1422 945 1499 ἦσαν
961 1424 1244 1500 κατήκοοι·
1271 1424 1304 1485 ὅ
1325 1425 1385 1484 δὲ
1411 1424 1656 1488 οἷκούσας
1675 1425 1855 1486 αὐτῶν

240 1512 318 1571 τοὶ
343 1513 705 1593 προΐσχοντο,
732 1513 889 1581 ἔλεξέ
911 1519 1026 1589 σφι
1048 1513 1242 1594 λόγον,
1263 1511 1439 1591 ἄνδρα
1464 1512 1578 1590 φὰς
1603 1513 1854 1590 αὐλητὴν

249 1599 437 1660 ἰδόντα
465 1601 623 1679 ἰχθῦς
650 1605 708 1661 ε’ν
732 1603 804 1678 τῇ
832 1600 1105 1679 θαλάσσῃ
1126 1599 1362 1672 αὐλέειν,
1383 1600 1647 1661 δοκέοντά
1671 1608 1856 1677 σφεας

250 1687 650 1757 ἐξελεύσεσθαι
690 1693 746 1751 ἐς
778 1692 908 1768 γῆν·
950 1686 1022 1751 ὥς
1055 1688 1116 1747 δὲ
1149 1689 1464 1765 ψευσθῆναι
1487 1693 1587 1764 τῆς
1614 1689 1854 1760 ἐλπίδος,

249 1776 457 1851 λαβεῖν
499 1774 951 1852 ἀμφίβληστρον
994 1776 1087 1833 καὶ
1137 1776 1472 1852 περιβαλεῖν
1522 1800 1586 1835 τε
1635 1776 1857 1850 πλῆθος

250 1863 475 1923 πολλόν
509 1867 622 1922 τῶν
656 1861 861 1940 ἰχθύων
886 1862 980 1920 καὶ
1017 1861 1313 1938 ἐξειρύσαι,
1342 1861 1528 1922 ἰδόντα
1555 1863 1615 1922 δὲ
1639 1866 1858 1923 παλλο-

253 1952 451 2028 μένους
492 1953 666 2010 εἰπεῖν
698 1947 809 2027 ἄρα
849 1948 1021 2010 αὖτὸν
1058 1949 1202 2027 πρός
1236 1948 1366 2012 τούς
1393 1951 1569 2028 ἰχθῦς·
1609 1949 1863 2011 παύεσθέ

255 2064 352 2114 μοι
375 2037 719 2116 ὀρχεόμενοι,
748 2038 868 2097 ἐπεὶ
895 2035 1007 2097 οὔδ’
1036 2038 1168 2115 ε’μέο
1195 2036 1492 2100 αὐλέοντος
1517 2036 1750 2113 ἠθέλετε
1775 2043 1861 2097 ε’κ·

256 2127 474 2202 βαίνειν
521 2124 867 2202 ὀρχεόμενοι.
935 2127 1125 2201 Κῦρος
1166 2128 1271 2201 μὲν
1309 2129 1510 2185 τοῦτον
1547 2125 1647 2185 τᾶν
1686 2124 1861 2207 λόγον

256 2217 410 2274 τοῖσι
438 2211 603 2272 Ἴωσι
644 2213 737 2271 καὶ
774 2215 930 2272 τοῖσι
968 2216 1246 2272 Αἰολεῦσι
1277 2212 1449 2272 τῶνδε
1483 2210 1663 2272 εἵνεκα
1688 2213 1860 2284 ἔλεξε,

258 2300 345 2361 ὅτι
370 2300 440 2375 δὴ
469 2303 522 2359 οἶ
538 2298 722 2362 Ἴωνες
746 2299 1035 2378 πρότερον,
1063 2299 1235 2359 αὐτοῦ
1262 2297 1456 2375 Κύρου
1483 2298 1769 2374 δεηθέντος
1793 2300 1862 2359 δι’

259 2387 515 2469 οἷγγέλων
538 2385 897 2448 οἷπίστασθαί
930 2393 1116 2463 σφεας
1155 2386 1270 2447 ‹in-6
1296 2386 1567 2465 Κροίσου,
1595 2384 1696 2445 οὖκ
1722 2388 1864 2447 ε’πεί-

262 2476 447 2536 θοντο·
486 2474 616 2535 τότε
641 2475 701 2534 δὲ
727 2475 1191 2555 κατεργασμένων
1208 2479 1320 2535 τῶν
1338 2471 1696 2554 πρηγμάτων,
1715 2472 1865 2549 ἦσαν

262 2566 475 2639 ἑτοῖμοι
514 2563 813 2624 πείθεσθαι
853 2562 1043 2642 Κύρῳ.
1111 2562 1145 2624 ὅ
1183 2564 1288 2639 μὲν
1323 2561 1391 2637 δὴ
1427 2560 1572 2641 ὀργῇ
1605 2560 1867 2639 ἐχόμενος

264 2652 423 2731 ἔλεγέ
446 2656 561 2727 σφι
583 2649 735 2711 τάδε·
765 2649 952 2712 Ἴωνες
976 2650 1037 2709 δὲ
1064 2649 1136 2714 ὥς
1160 2650 1410 2726 ἥκουσαν
1433 2647 1642 2710 τούτων
1666 2648 1866 2710 ἀνενει-

263 2738 510 2816 χθέντων
541 2743 609 2801 ’ἐς
652 2738 755 2801 τοῖς
802 2737 1025 2809 πόλιας,
1067 2737 1260 2817 τείχεά
1308 2765 1371 2800 τε
1415 2737 1866 2815 περιεβάλλοντο

266 2826 492 2886 ἔκαστοι
517 2826 611 2885 καὶ
638 2826 1009 2906 συνελέγοντο
1036 2829 1092 2889 ἐς
1118 2825 1430 2887 Πανιώνιον
1447 2828 1501 2884 οἱ
1527 2823 1699 2883 ἄλλοι
1714 2824 1867 2899 πλὴν

267 2914 587 2989 Μιλησίων·
625 2913 768 2990 πρός
798 2912 1033 2990 μούνους
1062 2913 1175 2994 γὰρ
1206 2912 1436 2975 τούτους
1467 2911 1656 2988 ὅρκιον
1680 2915 1868 2990 Κῦρος

268 3000 589 3077 ἐποιήσατο,
619 3000 703 3059 ἐπ’
732 3000 854 3060 οἷσί
884 3026 990 3079 περ
1024 3000 1057 3060 ὅ
1090 2999 1291 3064 Λυδός·
1329 3003 1485 3061 τοῖσι
1516 2999 1576 3059 δὲ
1613 3002 1870 3059 λοιποῖσι

259 3085 415 3149 Ἴωσι
454 3089 608 3159 ἔδοξε
648 3092 810 3166 κοινῷ
834 3088 988 3168 λόγω
1027 3090 1271 3165 πέμπειν
1300 3086 1575 3168 ἀγγέλους
1601 3092 1657 3150 ἐς
1682 3086 1870 3164 Σπάρ-

266 3199 382 3285 ''ss'’
407 3174 819 3253 δεησομένους”
822 3182 958 3236 Ιωσι
981 3176 1287 3252 τιμωρέειν.

319 3252 423 3323 ‘bi
454 3264 518 3324 δὲ
544 3262 732 3326 Ἴωνες
765 3288 938 3333 ουτοι,
967 3266 1081 3323 τῶν
1112 3262 1206 3321 καὶ
1234 3260 1303 3321 τὸ
1343 3259 1654 3320 Πανιώνιόν
1686 3265 1828 3332 ε’στι,
1848 3262 1965 3321 142
