2184 3517
303 79 401 126 196
912 74 1283 125 ·nP0A01·o‘r
1803 71 1913 137 [11.

303 155 720 234 καταχθόμενον
743 158 820 233 τῷ
846 155 1004 236 ἔργῳ·
1056 153 1160 215 τᾶν
1194 154 1254 214 δὲ
1284 152 1542 231 Ἀμασιν
1577 152 1921 232 ἐνθυμιστόν

302 241 686 319 ποιησάμενον
713 241 813 302 οὐκ
840 246 937 301 ἐᾶν
964 243 1044 302 ἔτι
1067 242 1408 320 προσωτέρω
1436 241 1692 301 ἑλκύσαι·
1725 239 1832 318 ἤδη
1852 241 1925 301 δέ

301 356 444 395 τινες
469 331 723 412 λέγουσι,
752 329 823 394 ὥς
849 328 1138 407 ἅνθρωπος
1174 328 1453 406 διεφθάρη
1488 328 1582 389 ὑπ’
1611 328 1781 405 αὐτῆς
1803 334 1923 390 τῶν

301 444 388 483 τις
427 417 602 493 αὐτὴν
638 417 1045 497 μοχλευόντων,
1073 417 1166 476 καὶ
1208 416 1325 476 άπό
1365 416 1567 477 τούτου
1609 413 1710 477 οὔκ
1751 421 1922 478 ἐσελ-

211 507 326 569 176
347 507 638 582 κυσθῆναι.
709 505 974 581 Ἀνέθηκε
1002 505 1061 564 δὲ
1088 504 1181 563 καὶ
1209 509 1269 565 ἐν
1292 509 1447 564 τοῖσι
1474 504 1712 564 ἄλλοισι
1739 509 1922 583 ἱροῖσι

302 593 335 655 ὁ
351 592 603 672 Ἀμασις
636 597 784 653 πᾶσι
816 597 971 654 τοῖσι
1007 593 1372 673 ἐλλογίμοισι
1402 594 1540 673 ἔργα
1571 591 1638 653 τό
1665 594 1924 674 μέγαθος

304 681 617 758 ἀξιοθέητα,
647 686 706 741 ἐν
742 681 803 740 δὲ
839 681 931 741 καὶ
963 685 1022 740 ἐν
1058 681 1269 759 Μέμφι
1292 680 1395 741 τᾶν
1429 680 1628 740 ὕπτιον
1662 683 1925 758 κείμενοι·

305 770 613 840 κολοσσὸν,
666 774 767 830 τοῦ
808 768 1186 845 Ἡφαιστείου
1226 769 1533 846 ἔμπροσθε·
1600 773 1702 828 τοῦ
1747 769 1924 833 πόδες

302 857 469 918 πέντε
510 859 602 918 καὶ
644 856 1032 935 ἑβδομήκοντά
1073 861 1186 917 εἰσι
1223 855 1292 916 τὰ
1332 860 1532 933 μῆκος·
1601 856 1694 916 ἐπὶ
1734 856 1798 915 δὲ
1833 861 1939 936 τῷ1

306 944 454 1024 αὐτῷ
491 945 691 1025 βάθρῳ
731 947 952 1014 ἑστᾶσι,
994 944 1328 1004 Αἰθιοπικοῦ
1367 945 1549 1007 ἐόντες
1588 945 1770 1016 λίθου,
1812 943 1923 1005 δύο

299 1035 602 1104 κολοσσοὶ,
639 1034 848 1093 ἐείκοσι
878 1031 1063 1092 ποδῶν
1103 1031 1170 1091 τό
1210 1032 1457 1113 μέγαθος
1496 1031 1599 1092 ε’ὠν
1639 1032 1922 1110 ἑκάτερος,

305 1120 339 1182 ὅ
363 1124 467 1199 μὲν
495 1122 647 1183 ἔνθεν
675 1120 706 1181 ὅ
736 1120 782 1180 δ’
810 1120 960 1180 ἔνθεν
986 1123 1088 1179 τοῦ
1114 1119 1388 1200 μεγάλου.
1464 1119 1588 1179 ἔστι
1614 1120 1675 1179 δὲ
1699 1120 1926 1186 λίθινος

306 1209 488 1288 ἔτερος
512 1213 784 1272 τοσοῦτος
810 1208 902 1267 καὶ
929 1212 988 1268 ἐν
1015 1206 1138 1276 Σάϊ,
1177 1207 1423 1284 κείμενος
1450 1207 1593 1267 κατὰ
1617 1208 1717 1267 τὸν
1742 1206 1925 1270 αὐτὸν

303 1298 516 1374 τρόπον
538 1301 616 1376 τῷ
642 1301 701 1357 ἐν
726 1296 953 1373 Μέμφι.
1032 1298 1106 1372 τῇ
1123 1293 1244 1354 Ἴσι
1266 1320 1330 1355 τε
1364 1293 1432 1355 τὰ
1465 1299 1525 1354 ἐν
1550 1295 1760 1373 Μέμφι
1791 1297 1927 1374 ἱρὸν

294 1383 546 1461 Ἀμασίς
598 1389 722 1444 ἐστι
767 1383 800 1444 ὅ
848 1382 1302 1459 ἐξοικοδομήσας,
1358 1382 1452 1443 ε’ὃν
1500 1383 1650 1464 μέγα
1700 1408 1764 1444 τε
1817 1387 1927 1445 καὶ

305 1470 785 1547 ἀξιοθεητότατον.

214 1559 327 1621 177
385 1558 510 1618 Ἐπ’
528 1557 807 1636 Ἀμάσιος
827 1558 887 1617 δὲ
899 1558 1180 1635 βασιλέος
1199 1559 1424 1640 λέγεται
1441 1559 1724 1641 Αἴγυπτος
1743 1560 1924 1636 μάλι-

308 1673 422 1708 στα
448 1647 517 1723 δή
545 1646 674 1708 τότε
705 1645 1123 1725 εὐδαιμονῆσαι,
1152 1647 1244 1706 καὶ
1269 1646 1341 1728 τοὶ
1371 1647 1485 1708 ‹in-6
1517 1652 1618 1707 τοῦ
1652 1654 1926 1725 ποταμοῦ

305 1740 378 1815 τῇ
403 1736 560 1816 χώρῃ
577 1734 843 1817 γινόμενα
862 1736 957 1794 καὶ
975 1735 1047 1794 τὰ
1067 1735 1183 1795 ‹in-6
1201 1738 1303 1811 τῆς
1326 1735 1511 1815 χώρης
1528 1740 1684 1796 τοῖσι
1702 1735 1925 1812 ἀνθρώ-

307 1849 489 1884 ποισι·
532 1823 624 1882 καὶ
653 1822 820 1887 πόλις
851 1829 911 1883 ἐν
938 1823 1081 1902 αὐτῇ
1108 1824 1373 1905 γενέσθαι
1395 1824 1496 1888 τοίς
1522 1824 1751 1888 άπάσας
1780 1824 1927 1886 τότε

310 1912 603 1989 δισμυρίας
652 1911 754 1976 τοὶς
795 1911 1131 1989 οἰκεομένας.
1212 1911 1388 1990 νόμον
1434 1913 1495 1973 δὲ
1544 1913 1926 1994 Αἰγυπτίοισι

303 1999 466 2061 τόνδε
504 1999 755 2078 Ἀμασίς
809 2006 933 2061 ἐστι
984 2000 1017 2059 ὅ
1072 1999 1455 2076 καταστήσας·
1525 1999 1927 2063 ἀποδεικνύναι

308 2088 456 2153 ἔτεος
502 2088 741 2150 ἑκάστου
779 2094 857 2169 τῷ
896 2088 1156 2168 νομάρχῃ
1201 2088 1387 2149 πάντα
1426 2088 1554 2150 τινὰ
1594 2092 1927 2170 Αἰγυπτίων

308 2175 436 2238 ὅθεν
471 2180 717 2256 βιοῦται·
771 2178 851 2255 μή
891 2176 952 2237 δὲ
988 2182 1252 2237 ποιεῦντα
1280 2182 1471 2249 ταῦτα,
1498 2178 1640 2256 μηδὲ
1666 2178 1926 2255 ἀποφαί-

308 2292 475 2327 νοντα
499 2268 714 2343 δικαίην
740 2265 890 2342 ζόην,
920 2265 1209 2327 ἰθύνεσθαι
1246 2265 1484 2345 θανάτῳ.
1569 2266 1766 2331 Σόλων
1792 2268 1861 2327 δὲ
1888 2270 1926 2330 ὁ

307 2352 603 2432 Ἀθηναῖος
654 2353 855 2431 λαβὼν
906 2353 970 2424 ἐξ
1008 2352 1295 2433 Αἰγύπτου
1336 2358 1537 2415 τοῦτον
1586 2354 1691 2414 τὸν
1739 2354 1928 2433 νόμον

292 2440 645 2519 Ἀθηναίοισι
671 2443 845 2503 ἔθετο·
883 2446 962 2521 τῷ
989 2445 1189 2501 ἐκεῖνοι
1221 2447 1276 2505 ἐς
1307 2442 1415 2501 αἰεὶ
1448 2442 1737 2521 χρέωνται,
1767 2443 1920 2506 ἐόντι

219 2529 331 2591 178
351 2529 559 2608 ἀμώμῳ
585 2529 755 2608 νόμῳ.
836 2529 1129 2605 Φιλέλλην
1161 2528 1222 2588 δὲ
1254 2528 1552 2611 γενόμενος
1583 2529 1614 2590 ὁ
1642 2528 1922 2607 Ἀμασις,

309 2616 465 2675 ἄλλα
489 2643 551 2677 τε
577 2623 632 2681 ἐς
654 2617 946 2693 Ἑλλήνων
968 2616 1354 2694 μετεξετέρους
1388 2617 1695 2687 ἀπεδέξατο
1724 2619 1821 2678 καὶ
1851 2620 1922 2699 δὴ

311 2704 405 2763 καὶ
437 2707 592 2764 τοῖσι
633 2703 1082 2782 ἀπικνευμένοισι
1126 2710 1182 2768 ἐς
1223 2706 1509 2785 Αἴγωιτον
1550 2706 1719 2765 ἔδωκε
1759 2708 1925 2768 Ναύ-

311 2817 502 2868 κρατιν
541 2792 713 2853 πόλιν
751 2795 1056 2867 ἐνοικῆσαι·
1097 2795 1252 2852 τοῖσι
1286 2793 1349 2851 δὲ
1387 2793 1468 2870 μή
1502 2794 1921 2872 βουλομένοισι

310 2877 492 2939 αὗτῶν
557 2881 769 2950 οἰκέειν,
823 2878 995 2938 αυτοῦ
1061 2879 1124 2938 δὲ
1187 2881 1695 2993 ναυτιλλομένρισι,
1754 2883 1927 2945 ἔδωκε

310 2965 524 3042 χώρους
576 2966 974 3044 ἐνιδρύσασθαι
1009 2966 1241 3073 βῳμους
1294 2968 1387 3026 καὶ
1436 2969 1670 3046 τεμένεα
1710 2971 1926 3033 θεοῖσι.

311 3050 379 3109 τὸ
424 3054 530 3126 μέν
561 3079 667 3113 νυν
708 3054 979 3135 μέγιστον
1026 3052 1209 3114 αὗτῶν
1246 3055 1490 3131 τέμενος,
1538 3057 1633 3114 καὶ
1680 3082 1928 3135 συνομα-

313 3135 589 3197 στότατον
640 3139 733 3199 ἐον
800 3140 893 3199 καὶ
956 3166 1405 3219 χρησιμωτάτον,
1461 3143 1807 3221 καλεύμενον
1865 3148 1933 3207 δὲ

312 3214 629 3293 Ἑλλήνιον,
682 3224 802 3283 αἵδε
862 3224 1032 3288 πόλις
1095 3228 1208 3287 εἰσὶ
1269 3231 1329 3288 αἱ
1392 3228 1676 3306 ἱδρυμέναι
1739 3239 1931 3314 κοινῇ·
