2184 3517
252 145 549 212 117-120]
895 150 1247 211 -mmmn,
1761 150 1862 200 163

253 224 584 303 Πρωτεῦς”
550 253 582 287 ο
609 224 917 307 Αἶγυπτιος
937 227 1276 303 βασιλευς”
1242 252 1380 307 εχει·
1417 253 1473 287 οι
1497 227 1559 287 δὶ
1580 225 1864 304 Ἕλληνες

253 315 703 394 καταγελᾶσθαι
722 314 1005 386 δοκέοντες
1037 314 1130 374 υπ’
1153 313 1354 387 αὐτῶν,
1388 313 1528 374 οὕτω
1562 313 1631 391 δη
1668 318 1856 375 ἐπολι·
1933 385 1939 389 ,

252 399 461 477 όρκεον
479 406 534 465 ἐς
560 430 593 461 ο
567 390 876 486 *ἐξεῖλονχ
882 404 1077 472 ἑλοῦσι
1089 397 1164 460 δὲ
1188 401 1254 461 τό
1271 404 1458 480 τεῖχος
1485 400 1556 465 ὥς
1581 427 1681 462 ουκ
1701 403 1856 479 ἐφαί-

251 512 388 548 νετο
419 513 457 564 η
493 481 727 574 Ἑλένη,
742 488 908 549 ἀλλὰ
933 488 1033 549 τὸν
1062 487 1246 549 αὐτὸν
1284 488 1461 569 λόγον
1497 491 1576 568 τῷ
1607 490 1858 570 προτέρω

252 569 663 647 ἐπυνθάνοντο,
699 565 841 648 οὕτω
870 575 964 652 δη
1008 574 1412 639 πιστεύσαντες
1461 578 1539 654 τῷ
1582 574 1738 657 λόγω
1779 580 1860 657 τῷ

249 687 460 742 πρωτῳ
495 667 553 730 οἱ,
576 663 858 740 Ελληνες
891 662 1060 724 αὐτον
1096 664 1395 724 Μενέλεων
1429 661 1856 725 ἀποστέλλουσι

250 750 415 826 παραὶ
449 752 705 829 Πρωτέα.
768 749 1136 829 Ἀπικόμενος
1162 750 1221 811 δὲ
1250 750 1283 811 ὁ
1314 751 1606 814 Μενέλεως
1633 755 1689 815 ἐς
1709 751 1815 829 τήν
1833 754 1948 813 119

250 837 548 917 Αἴγυπτον
572 840 667 899 καὶ
697 837 1041 902 ἀναπλώσας
1066 843 1125 902 ἐς
1151 837 1259 914 τήν
1283 837 1539 917 Μέμφιν,
1568 838 1723 902 εἴπας
1750 838 1857 915 τήν

247 923 538 1003 ἅληθηΐην
561 930 672 988 τῶν
696 925 1056 1008 πρηγμάτων,
1083 924 1177 985 καὶ
1209 925 1419 995 ξεινίων
1443 923 1653 1001 ἤντησε
1682 924 1855 1007 μεγοῖ-

248 1015 378 1073 λων
416 1015 508 1073 καὶ
542 1013 778 1091 Ἑλένην
810 1014 1032 1075 ἀπαθέα
1068 1014 1250 1074 κακῶν
1285 1010 1564 1088 ἀπέλαβε,
1596 1012 1737 1089 πρός
1773 1014 1852 1084 δὲ,

250 1101 354 1159 καὶ
372 1100 445 1161 τὰ
465 1105 662 1162 ἑωυτοῦ
680 1101 945 1181 χρήματα
963 1101 1166 1161 πάντα.
1221 1126 1330 1179 τυχ
1374 1125 1405 1159 ν
1424 1100 1616 1176 μέντοι
1627 1098 1853 1172 τούτων,

249 1188 479 1268 ἐγένετο
512 1191 805 1254 Μενέλεως
838 1188 980 1268 οἷνήρ
1006 1188 1195 1260 ἄδικος
1230 1099 1674 1275 ἐλῖγυπτίους·
1716 1186 1853 1248 α’πο-

247 1277 454 1337 πλέειν
481 1277 593 1358 γὰρ
619 1276 943 1356 ὁρμημένον
974 1275 1147 1337 αὗτόν
1174 1275 1344 1355 ἶσχον
1370 1273 1623 1335 ἄπλοιαι·
1664 1275 1854 1353 ἐπειδὴ

245 1362 315 1422 δὲ
342 1367 510 1426 τοῦτο
536 1366 628 1425 ἐπὶ
651 1363 875 1426 πολλὸν
893 1367 1115 1425 τοιοῦτο
1134 1361 1220 1441 ἦν,
1243 1366 1597 1442 ἐπιτεχνᾶται
1617 1367 1854 1445 πρῆγμα

248 1450 363 1511 οὐκ
386 1451 565 1515 ὅσιον·
593 1453 796 1531 λαβὼν
812 1452 922 1535 γὰρ
949 1451 1048 1513 δύο
1072 1452 1270 1511 παιδία
1293 1451 1503 1527 ἀνδρῶν
1528 1452 1850 1531 ἐπιχωρίων,

248 1540 466 1617 ἔντομά
487 1547 646 1619 σφεα
676 1542 927 1619 ἐποίησε·
967 1540 1113 1618 μετοὶ
1141 1540 1216 1611 δὲ,
1244 1539 1315 1603 ὥς
1340 1538 1608 1603 ἐπάῖστος
1634 1540 1852 1621 ἐγένετο

244 1631 423 1689 τοῦτο
443 1630 800 1711 ἐργασμένος,
821 1628 1081 1708 μισηθείς
1104 1652 1168 1688 τε
1188 1653 1280 1687 και
1258 1625 1642 1704 διωκόμενος,
1663 1627 1851 1706 οἴχετο

247 1715 480 1828 φεύγων
501 1721 638 1796 τῇσι
669 1717 835 1794 νηυσὶ
866 1716 959 1777 ἐπὶ
982 1714 1223 1793 Λιβύης·
1262 1713 1330 1775 τὸ
1357 1715 1607 1776 ἐνθεῦτεν
1632 1714 1749 1775 δὲ
1716 1737 1851 1780 οκου

245 1803 545 1882 ἐτράπετο,
577 1805 762 1866 οὖκέτι
792 1805 947 1885 εἶχον
982 1808 1157 1865 εἰπεῖν
1187 1802 1504 1885 Αἰγύπτιοι·
1544 1801 1755 1863 τούτων
1788 1802 1850 1863 δὲ

243 1918 326 1951 τα
371 1918 476 1969 μεν
521 1893 806 1973 ἱστορίῃσι
846 1894 1069 1969 ἔφασαν
1112 1892 1473 1963 ἐπίστασθαι,
1508 1890 1582 1951 vd
1619 1889 1681 1950 δὲ
1719 1889 1850 1969 παρ’

246 1982 510 2041 ἑωυτοῖσι
532 1980 805 2061 γενόμενα
828 1979 1095 2058 ἀτρεκέως
1121 1977 1484 2057 ἐπιστάμενοι
1509 1978 1714 2060 λέγειν.

335 2072 527 2129 Ταῦτα
548 2071 653 2145 μὲν
672 2068 988 2150 Αἰγυπτίων
1014 2070 1069 2127 οἱ
1096 2068 1238 2145 ἱρέες
1263 2068 1480 2147 ἔλεγον·
1512 2065 1622 2148 ἐγὼ
1647 2067 1709 2126 δὲ
1730 2069 1809 2145 τῷ
1827 2067 1941 2130 120

244 2153 411 2237 λόγῳ
433 2159 511 2234 τῷ
534 2156 663 2233 περὶ
686 2154 918 2233 Ἑλένης
946 2156 1209 2235 λεχθέντι
1218 2154 1334 2213 ’καὶ
1359 2152 1526 2217 ath-<3³
1548 2154 1847 2230 προστίθε-
1918 2165 1927 2174 “

243 2268 375 2320 μαι,
399 2242 531 2304 τάδε
561 2242 972 2324 ἐπιλεγόμενος·
1013 2246 1063 2302 εἰ
1091 2241 1163 2319 ἦν
1194 2241 1398 2317 Ἑλένη
1425 2243 1485 2300 ἐν
1513 2239 1682 2320 Ἰλίῳ,
1707 2238 1845 2301 α’πο-

244 2331 487 2408 δοθῆναι
519 2328 589 2392 ἂν
613 2330 790 2407 αὐτὴν
812 2334 967 2392 τοῖσι
994 2330 1268 2414 Ἕλλησι,
1295 2326 1423 2403 ἤτοι
1462 2326 1682 2391 ἑκόντος
1709 2352 1779 2408 γε
1805 2326 1845 2406 ἢ

243 2417 485 2483 ἄκοντος
508 2417 898 2496 Ἀλεξάνδρου·
936 2416 1003 2478 οὖ
1027 2416 1141 2498 γὰρ
1165 2416 1235 2494 δὴ
1262 2415 1405 2477 οὕτω
1426 2441 1495 2496 γε
1521 2417 1844 2492 φρενοβλα-

241 2506 369 2583 βὴς
391 2505 462 2583 ἦν
486 2505 520 2567 ὁ
546 2506 819 2585 Πρίαμος,
848 2504 974 2567 οὐδὲ
1000 2508 1055 2566 οἶ
1078 2505 1252 2565 ἄλλοι
1276 2503 1657 2582 προσήκοντες
1681 2501 1842 2584 αὐτῷ,

245 2594 402 2655 ὥστε
433 2598 586 2655 τοῖσι
629 2595 965 2673 σφετέροισι
1005 2592 1237 2670 σώμασι
1278 2591 1372 2652 καὶ
1404 2596 1558 2652 τοῖσι
1596 2591 1844 2652 τέκνοισι

244 2681 345 2742 καὶ
370 2708 441 2761 τῃ
413 2681 595 2744 ’πόλι
618 2681 944 2744 κινδυνεύειν
970 2679 1349 2759 ἐβούλοντο,”
1317 2705 1455 2745 οκως
1477 2678 1846 2756 Ἀλέξανδρος
1932 2731 1939 2740 ,

240 2770 454 2850 Ελένῃ
495 2772 772 2851 συνοικέῃ·
821 2796 869 2830 ει
910 2769 974 2830 δέ
1010 2795 1102 2830 τοι
1143 2768 1236 2830 καὶ
1278 2773 1337 2831 ἐν
1378 2772 1532 2831 τοῖσι
1570 2793 1845 2846 πρωτοισι

239 2858 509 2939 χρόνοισι
552 2885 731 2921 ταυτα
776 2855 1096 2942 ἐγίνωσκον,
1146 2858 1267 2919 ἐπεὶ
1316 2857 1530 2918 πολλοὶ
1579 2882 1684 2934 μεν
1733 2880 1844 2917 των

241 2947 443 3009 ἄλλων
492 2948 694 3028 Τρώων
744 2947 908 3010 οκότε
961 2948 1340 3028 συμμίσγοιεν
1389 2947 1544 3006 τοῖσι
1583 2943 1841 3019 Ελλησι

241 3034 603 3108 ἅπωλλυντο,
630 3034 801 3097 αὐτοῦ
834 3036 895 3096 δὲ
929 3035 1194 3113 Πριάμου
1230 3032 1331 3093 οὐκ
1366 3033 1489 3092 ἔστι
1521 3030 1615 3091 ὅτε
1651 3055 1716 3090 ου
1701 3028 1841 3089 ’δύο

238 3121 281 3200 ἣ
303 3127 462 3202 τρεῖς
479 3123 518 3202 ἢ
546 3124 638 3185 καὶ
666 3126 746 3186 ἔτι
776 3124 1004 3186 πλείους
1032 3123 1144 3182 τῶν
1174 3119 1386 3180 παίδων
1408 3116 1597 3196 μάχης
1619 3117 1840 3197 γινομέ·

238 3237 346 3290 νης
379 3210 753 3290 ἀπέθνησκον,
785 3210 860 3292 (εἰ
892 3207 1007 3289 χρή
1036 3232 1095 3268 τι
1127 3210 1282 3269 τοῖσι
1317 3207 1638 3267 ἐποποιοῖσι
1671 3228 1842 3283 χρεω-

238 3324 415 3373 μενον
460 3300 690 3384 λέγειν,)
731 3297 941 3360 τούτων
984 3296 1047 3357 δὲ
1087 3293 1369 3358 τοιούτων
1398 3290 1843 3370 συμβαινόντων,
