2184 3517
371 87 434 134 18
982 90 1350 140 ‘HPOAOTOT
1957 124 1972 139 .

370 164 752 244 ἐπεισέρχεται
772 166 807 227 ὅ
823 171 925 229 τοῦ
945 171 1203 247 Κροίσου
1219 173 1351 232 παῖς
1370 165 1619 244 ἀκηκοὼς
1634 168 1743 225 τῶν
1760 164 1977 228 ἐδέοντο

370 254 426 311 οἶ
451 253 664 312 Μυσοί·
707 252 773 312 οὗ
801 258 1052 333 φαμένου
1085 257 1145 315 δὲ
1174 261 1273 316 τοῦ
1302 256 1555 333 Κροίσου
1585 251 1686 316 τόν
1710 279 1779 333 γε
1803 251 1979 314 παῖδά

371 345 486 414 σφι
521 341 895 419 συμπέμψειν,
929 346 1086 425 λέγει
1124 343 1265 421 πρὸς
1305 341 1474 403 αὗτόν
1509 342 1541 404 ὁ
1577 341 1792 418 νεηνίης
1823 339 1975 402 τάδε·

370 425 456 486 ’ςῶ
475 426 669 505 πάτερ,
686 427 758 490 τοὶ
776 428 1061 491 κάλλιστα
1075 429 1347 509 πρότερόν
1362 456 1490 489 κοτε
1510 431 1603 489 καὶ
1615 426 1977 510 γενναιότατα

369 512 507 591 ἡμῖν
543 513 629 590 ἦν,
672 516 726 580 ἔς
762 542 827 577 τε
870 520 1155 596 πολέμους
1202 518 1294 577 καὶ
1340 523 1397 581 ἐς
1436 516 1611 598 ἄγρας
1650 517 1978 598 φοιτέοντας

371 601 720 679 εὐδοκιμέειν·
753 609 850 666 νῦν
868 606 930 665 δὲ
954 605 1286 684 ἀμφοτέρων
1308 630 1382 681 με
1399 604 1605 665 τούτων
1623 602 1979 681 ἀποκληίσας

373 689 532 768 ἔχεις,
565 688 691 751 οὔτε
728 692 854 753 τινὰ
893 693 1104 769 δειλίην
1136 718 1238 771 μοι
1273 690 1537 777 παριδὼν·
1554 689 1680 752 οὔτε
1714 690 1975 767 ἀθυμίην.

294 853 301 859 ·
371 780 470 837 νῦν
506 802 571 836 τε
607 779 793 839 τέοισί
824 806 899 857 με
931 780 1044 860 χρὴ
1084 780 1307 858 ὄμμασι
1343 780 1397 843 ἔς
1433 804 1496 840 τε
1535 778 1745 861 ἀγορήν
1786 779 1880 838 καὶ
1915 779 1979 849 ἐξ

372 863 582 946 ἆγορῆς
627 867 925 943 φοιτέοντα
970 869 1274 945 φαίνεσθαι
1281 893 1298 937 3
1355 870 1505 932 κοῖος
1546 867 1651 944 μέν
1694 892 1779 932 τις
1821 870 1977 927 τοῖσι

370 953 682 1033 πολιήτῃσι
715 953 856 1025 δόξω
898 956 1062 1025 εἶναι;
1105 959 1255 1019 κοῖος
1289 954 1353 1015 δέ
1381 980 1468 1018 τις
1498 958 1572 1034 τῇ
1604 953 1857 1035 νεογάμῳ
1879 979 1976 1035 γυ-
2027 974 2031 978 “

371 1041 523 1101 ναικί
526 1067 543 1111 3
585 1042 716 1122 κοίῳ
742 1041 802 1103 δὲ
835 1045 1011 1121 ἐκείνη
1037 1043 1186 1113 δόξει
1216 1042 1374 1121 ἀνδρὶ
1401 1042 1730 1112 συνοικέειν,
1772 1044 1872 1119 ἐμὲ
1902 1040 1978 1102 ὧν

372 1127 448 1188 σύ
478 1126 517 1205 ἢ
544 1131 711 1207 μέθες
743 1132 879 1192 ἰέναι
919 1133 1010 1191 ἐπὶ
1047 1130 1180 1207 τῆν’
1194 1131 1386 1208 θήρην,
1418 1124 1468 1206 ἢ
1488 1129 1642 1212 λόγῳ
1673 1127 1979 1191 ἅνάπτισον

278 1217 356 1277 38
373 1214 511 1280 ὅκως
533 1243 635 1294 μοι
659 1218 862 1294 οἷμείνω
887 1220 1012 1280 ἐστὶ
1027 1223 1206 1280 ταῦτα
1226 1217 1367 1279 οὕτω
1384 1215 1733 1295 ποιεόμενα.”
1791 1216 1978 1294 Ἀμεί-

372 1305 540 1381 βεται
558 1309 808 1383 Κροῖσος
824 1308 1036 1368 τοῖσδε·
1064 1306 1152 1366 “ὦ
1170 1310 1290 1377 παῖ,
1309 1305 1434 1366 οὔτε
1453 1306 1663 1381 δειλίην
1683 1304 1810 1366 οὔτε
1825 1304 1979 1366 ἄλλο

373 1390 530 1452 οὐδὲν
555 1391 725 1472 ἄχαρι
746 1394 993 1471 παριδών
1008 1419 1101 1475 τοι
1123 1395 1292 1454 ποιέω
1316 1396 1511 1454 ταῦτα·
1546 1392 1702 1453 ἀλλά
1715 1418 1825 1471 ,μοι
1850 1392 1979 1472 ὄψις

372 1477 588 1557 ὀνείρου
623 1485 681 1540 ἐν
712 1484 795 1560 ,τῷ
827 1481 980 1562 ὕπνῳ
1016 1485 1298 1542 ἐπιστᾶσα
1334 1482 1445 1558 ἔφη
1480 1505 1552 1541 σε
1590 1479 1980 1562 ὀλιγοχρόνιον

304 1561 309 1565 ’
374 1566 627 1628 ἔσεσθαι·
660 1566 771 1628 ὖπό
785 1568 896 1650 γὰρ
915 1573 1124 1649 αἰχμῆς
1142 1569 1403 1647 σιδηρέης
1417 1568 1780 1629 ἀπολέεσθαι.
1836 1567 1980 1647 πρός

375 1653 451 1714 ὧν
471 1654 576 1730 τὴν
595 1653 727 1734 ὄψιν
742 1655 964 1733 ταύτην,
982 1656 1082 1717 τόν
1105 1682 1170 1718 τε
1191 1656 1377 1738 γάμον
1394 1681 1484 1717 τοι
1504 1659 1705 1717 τοῦτον
1725 1656 1981 1718 ἔσπευσα

376 1742 468 1802 καὶ
484 1744 575 1803 ἐπὶ
592 1769 664 1802 τα
646 1743 1238 1821 παραλαμβανόμενα
1254 1744 1354 1805 οὐκ
1340 1743 1698 1851 ἀποπέμπω,
1717 1743 1981 1820 φυλακήν

374 1831 593 1909 ἔχων*
541 1858 589 1890 ει
614 1857 719 1896 κως
739 1832 1050 1911 δυναίμην’
1024 1834 1117 1892 επὶ
1139 1836 1242 1908 τῆς
1262 1836 1398 1909 ε’μῆς
1416 1856 1487 1891 σε
1513 1830 1641 1909 ζόης
1660 1831 1977 1910 διακλέψαι.

376 1918 464 1988 εἷς
481 1918 591 2000 γάρ
624 1945 725 1996 μοι
753 1924 957 1997 μοῦνος
987 1919 1277 2029 τυγχάνεις
1308 1919 1409 1980 ε’ων
1442 1922 1592 1983 παῖς·
1631 1943 1732 1979 τον
1759 1944 1871 2000 γαρ
1907 1919 1978 1995 δη

376 2006 579 2085 ἕτερον,
604 2007 1011 2084 διεφθαρμένον
1038 2008 1145 2084 τὴν
1174 2005 1364 2083 ακοῆν,
1392 2006 1493 2068 οὐκ
1524 2006 1668 2067 εἶναί
1689 2031 1790 2082 μοι
1820 2008 1979 2088 λογί-

281 2096 355 2155 39
376 2093 592 2171 ζομαι.”
668 2094 996 2174 Ἀμείβεται
1041 2094 1074 2157 ὅ
1119 2096 1333 2173 νεηνίης
1368 2094 1580 2155 τοῖσδε·
1627 2104 1663 2131 “
1673 2094 1979 2175 συγγνώμη

373 2184 493 2259 μὲν,
528 2181 571 2241 ὦ
602 2181 797 2261 ποίτερ,
822 2184 913 2243 τοὶ
945 2182 1118 2245 ἰδόντι
1145 2208 1220 2266 ,γε
1255 2182 1387 2262 ὄψιν
1418 2181 1678 2258 τοιαύτην
1710 2182 1839 2260 περὶ
1879 2185 1981 2258 ἐμὲ

375 2269 639 2347 φυλακὴν
671 2272 832 2351 ἔχειν·
872 2270 940 2331 τό
971 2271 1031 2331 δὲ
1062 2270 1129 2332 οὗ
1161 2270 1455 2348 μανθάνεις
1480 2268 1635 2331 ἀλλὰ
1664 2269 1879 2346 λέληθέ
1906 2294 1980 2330 σε

373 2357 440 2418 τό
467 2356 694 2437 ὄνειρον,
723 2360 822 2437 ε’μέ
842 2385 931 2419 τοι
956 2357 1167 2419 δίκαιόν
1193 2363 1317 2419 ἐστι
1342 2357 1591 2436 φράζειν.
1659 2355 1774 2436 φῄς
1796 2382 1886 2417 τοι
1908 2357 1980 2419 τό

373 2444 586 2524 ὄνειρον
609 2446 720 2507 ivd
738 2450 954 2526 ἀἰχμῆς
985 2446 1248 2523 σιδηρέης
1273 2445 1450 2522 φάναι
1481 2447 1578 2524 ἐμὲ
1600 2443 1977 2521 τελευτήσειν·

373 2533 471 2597 ὗός
503 2535 564 2594 δὲ
593 2538 741 2594 κοῖαι
764 2535 869 2611 μέν
896 2538 1007 2593 εἰσι
1031 2537 1236 2613 χεῖρες;
1279 2534 1402 2608 κοίη
1429 2533 1489 2592 δὲ
1520 2530 1700 2612 αἰχμὴ
1725 2532 1977 2610 σιδηρέη,

372 2619 445 2696 ἣν
470 2620 544 2680 σύ
566 2621 803 2697 φοβέαι;
839 2625 887 2679 εἰ
911 2622 1016 2697 μὲν
1030 2620 1143 2702 γσῖρ
1161 2618 1271 2679 ὗπό
1291 2620 1513 2685 ὀδόντος
1536 2645 1627 2680 τοι
1646 2620 1766 2679 εἶπε
1788 2624 1980 2680 τελευ-

372 2706 568 2783 τήσειν
591 2733 680 2785 με,
706 2706 745 2783 ἢ
765 2706 955 2766 ’ἄλλου
977 2733 1072 2767 τευ
1104 2707 1137 2768 ὅ
1170 2733 1227 2768 τι
1254 2707 1430 2787 τούτῳ
1456 2709 1614 2778 ἔοικε,
1640 2711 1786 2787 χρῆν
1812 2706 1883 2783 δή
1907 2732 1982 2767 σε

372 2796 580 2855 ποιέειν
603 2795 676 2854 τοὶ
701 2795 921 2857 ποιέεις·
954 2798 1052 2855 νῦν
1071 2793 1190 2854 δὲ’
1155 2795 1269 2854 υπό
1289 2799 1516 2875 αἰχμῆς.
1585 2796 1709 2855 ἐπεί
1727 2820 1791 2855 τε
1817 2792 1893 2855 ὧν
1909 2794 1979 2854 οὖ

278 2887 358 2945 40
375 2882 516 2961 πρὸς
540 2881 796 2960 ἅνδρας”
757 2885 895 2959 ημῖν
919 2884 1130 2964 γίνεται
1153 2882 1192 2960 ἦ
1217 2882 1392 2963 μάχη,
1411 2884 1579 2961 μέθες
1601 2882 1724 2961 με.”
1789 2880 1980 2959 Ἀμεί-

373 2975 542 3048 βεται
581 2974 911 3049 Kpoteosff
913 2968 979 3029 (ὦ
1017 2973 1139 3041 παῖ,
1176 2972 1299 3031 ἔστι
1336 2975 1410 3050 τῇ
1447 2995 1521 3047 με
1560 2975 1716 3050 νικᾷς
1751 2970 1981 3051 γνώμην

374 3057 702 3136 ἀποφαίνων
724 3058 853 3135 περὶ
876 3061 977 3117 τοῦ
1005 3058 1276 3119 ἐνυπνίου·
1310 3084 1382 3121 ως
1408 3056 1481 3118 ὧν
1501 3059 1849 3135 νενικημένος
1866 3056 1978 3118 ὖπό

374 3147 479 3205 σέο
550 3171 576 3204 ε
608 3145 912 3228 αγινῶσκω,
939 3146 1171 3223 μετίημί
1183 3146 1250 3206 τέ
1267 3170 1339 3205 σε
1365 3145 1502 3222 ἰέναι
1522 3145 1613 3205 ἐπὶ
1630 3145 1736 3221 τήν
1749 3143 1979 3226 ἅγρην.”

316 3251 321 3254 ⁴
454 3234 636 3297 Εἵπας
654 3234 903 3294 δὲταῦτα
921 3232 955 3293 ὁ
974 3237 1226 3310 Κροῖσος
1237 3233 1657 3310 μεταπέμπεται
1668 3232 1769 3294 τόν
1784 3231 1983 3314 Φρύγα
