2184 3517
369 151 437 198 86
995 149 1364 200 ἮΡοΔοτιότ
1905 150 1978 215 [1.

371 231 563 307 Κᾶρες
587 225 991 307 ἀποδεξάμενοι
1017 227 1177 289 οὐδὲν
1202 226 1330 289 οὔτε
1363 228 1495 289 ὅσοι
1527 226 1818 305 Ἑλλήνων
1847 229 1985 290 ταύ-

367 342 472 394 την
502 315 609 393 τήν
639 316 829 396 χώρην
864 317 1123 378 οἰκέουσι.
1210 317 1457 376 οἰκέουσι
1480 316 1543 376 δὲ
1569 317 1661 377 καὶ
1686 314 1860 377 ἄλλοι
1884 318 1984 377 καὶ

367 402 881 483 Λακεδαιμονίων”
844 429 1068 464 αποικοι
1101 404 1336 476 Κνίδιοι,
1361 407 1463 479 τῆς
1490 403 1678 484 χῶρης
1708 408 1810 481 τῆς
1832 412 1984 483 σφε-

367 493 531 570 τέρης
568 493 947 570 τετραμμένης
987 497 1046 555 ἐς
1084 491 1308 563 πόντον,
1352 490 1631 572 ἀργμένης
1673 492 1734 552 δὲ
1776 498 1839 552 ἐκ
1875 497 1985 570 τῆς

367 579 723 661 χερσονήσου
747 584 849 656 τῆς
864 581 1206 657 Βυβασσίης
1228 578 1296 641 τό
1322 578 1391 655 δὴ
1412 578 1680 657 Τριόπιον
1698 581 1981 653 καλέεται,

370 668 571 745 ἐούσης
598 693 661 728 τε
690 667 880 744 πάσης
911 666 1035 750 [τῆς
1065 665 1338 750 Κνιδίης,]
1374 667 1529 742 πλὴν
1552 667 1753 751 ὀλίγης
1789 695 1983 748 περιρ-

366 756 521 835 ρόου·
554 756 649 839 (τοῖ
673 759 776 835 μὲν
800 755 911 839 γὰρ
934 755 1106 833 αὐτῆς
1130 755 1271 834 πρός
1293 757 1481 834 βορῆν
1505 753 1710 834 ἄνεμον
1735 755 1767 818 ὀ
1794 763 1981 837 Κερα-

371 843 565 923 μεικός
604 843 818 909 κόλπος
857 843 1104 926 ἀπέργει,
1145 843 1218 904 ταῖ
1266 844 1327 904 δὲ
1370 842 1511 920 πρός
1549 844 1719 907 νότον
1751 844 1792 921 ἦ
1835 845 1984 907 κατὰ

368 932 562 1010 Σύμην
600 958 664 994 τε
704 933 798 993 καὶ
836 931 1032 993 Ῥόδον
1074 931 1394 1013 θάλασσα’)
1441 930 1508 993 τό
1550 929 1625 993 ὧν
1668 931 1737 1009 δὴ
1777 931 1984 1017 ὀλίγον

366 1025 550 1093 τοῦτο,
594 1021 685 1082 ἐὰν
729 1019 869 1082 ὅσον
906 1046 971 1082 τε
1012 1021 1105 1081 ἐπὶ
1145 1021 1312 1081 πέντε
1352 1018 1574 1091 στάδια,
1619 1018 1883 1100 ὤρυσσον
1922 1026 1983 1083 οἳ

368 1111 588 1174 Κνίδιοι
617 1115 676 1171 ἐν
706 1108 825 1191 ὅσῳ
843 1109 1140 1191 Ἅρπαγος
1167 1108 1272 1185 τὴν
1302 1107 1516 1185 Ἰωνίην
1542 1110 1980 1189 κατεστρέφετο,

366 1198 712 1277 βουλόμενοι
731 1203 910 1274 νῆσον
925 1224 1029 1275 την
1047 1197 1236 1278 χώρην
1262 1201 1520 1273 ποιῆσαι·
1555 1196 1708 1261 ἐντος
1727 1198 1789 1258 δὲ
1811 1199 1982 1260 πᾶσα

368 1292 535 1364 σφι’
509 1289 739 1370 εγίνετο·
778 1291 851 1367 τῇ
872 1285 985 1368 γοῖρ
1020 1286 1058 1362 ἦ
1097 1285 1297 1398 Κνιδίη
1328 1284 1484 1364 χώρη
1521 1290 1578 1350 ἐς
1607 1285 1713 1363 τὴν
1742 1284 1982 1365 ἤπειρον

365 1380 617 1456 τελευτᾷ,
643 1373 818 1454 ταύτῃ
854 1373 886 1435 ὀ
924 1372 1128 1451 ἰσθμός
1164 1376 1288 1434 ἐστι
1321 1373 1420 1434 τόν
1453 1399 1733 1452 ωρυσσον·
1774 1376 1869 1435 καὶ
1904 1376 1980 1453 δή

366 1467 560 1542 πολλῇ
596 1463 743 1542 χειρὶΙ
778 1462 1159 1544 ἐργαζομένων
1188 1466 1300 1522 τῶν
1327 1461 1581 1534 Κνιδίων,
1607 1466 1836 1539 μᾶλλον
1859 1463 1979 1546 γάρ

328 1553 334 1559 ’
365 1576 423 1611 τι
457 1550 550 1610 καὶ
582 1548 861 1628 θειότερον
896 1551 1193 1627 ἐφαίνοντο
1225 1548 1636 1628 τιτρώσκεσθαι
1668 1552 1723 1609 οἶ
1749 1552 1980 1632 ἐργαζό-

364 1663 523 1716 μενοι
564 1642 666 1699 τοῦ
714 1637 930 1702 οἰκότος
967 1636 1040 1698 τα’
1089 1664 1154 1698 τε
1200 1637 1356 1697 ἄλλα
1404 1642 1507 1699 τοῦ
1568 1636 1829 1715 σώματος
1879 1642 1979 1701 καὶ

363 1726 621 1805 μάλιστα
658 1726 732 1787 τὰ
770 1726 900 1805 περὶ
937 1726 1068 1790 τοῦς
1105 1725 1444 1805 ὀφθαλμούς
1484 1727 1829 1805 θραυομένης
1870 1733 1980 1805 τῆς

363 1816 584 1894 πέτρης,
612 1817 859 1893 ἔπεμπον
884 1819 941 1878 ἐς
966 1814 1235 1891 Δελφοῧς
1260 1813 1606 1893 θεοπρόπους
1631 1819 1979 1893 ἐπερησομέ-

364 1930 492 1968 νους
513 1904 581 1965 τὰ
607 1903 880 1975 ἀντίξοον·
919 1903 958 1980 ἧ
992 1903 1053 1963 δὲ
1078 1904 1269 1979 Πυθίη
1304 1908 1434 1979 σφι,
1463 1902 1536 1967 ὦς
1566 1901 1980 1984 αὐτοὶΚνίδιοι

364 1994 619 2076 λέγουσι,
645 1997 760 2073 χρᾷ
786 1996 846 2053 ἐν
869 1991 1143 2072 τριμέτρω
1165 1990 1308 2072 τόνω
1331 1992 1484 2052 τάδε·

667 2104 839 2155 Ἰσθμὸν
861 2104 907 2145 δὲ
930 2101 989 2155 μὴ
1021 2103 1241 2156 πυργοῦτε,
1267 2101 1361 2154 μήδ’
1384 2102 1606 2155 aptivam·

669 2163 771 2208 Ζεὺς
797 2160 878 2216 γάρ
906 2161 944 2204 κ’
965 2161 1084 2214 ἔθηκε
1112 2162 1259 2214 νῆσον,
1286 2160 1325 2204 εἴ
1351 2160 1389 2203 κ
1415 2161 1631 2212 ἐβούλετο.

364 2252 586 2315 Κνίδιοι
628 2279 748 2332 μεν,
792 2257 970 2315 ταῦτα
1009 2256 1115 2329 τῆς
1154 2252 1372 2329 Πυθίης
1407 2252 1725 2331 χρησάσης,
1765 2257 1874 2314 τοῦ
1907 2281 1978 2315 τε

362 2341 678 2423 ὀρύγματος
716 2341 1035 2402 ἐπαύσαντο
1076 2341 1170 2400 καὶ
1200 2339 1469 2423 Ἀρπαγῳ
1509 2339 1720 2402 ἐπιόντι
1753 2366 1867 2401 συν
1895 2351 1977 2424 τῷ

273 2433 385 2492 175
404 2434 628 2510 στρατῷ
664 2430 917 2509 ἅμαχητί
942 2435 1129 2506 σφεας
1153 2426 1354 2492 αὐτους
1375 2428 1716 2507 παρέδοσαν.
1767 2427 1976 2491 ’Ha-av

366 2519 427 2578 δὲ
466 2518 760 2595 Πηδασέες
800 2520 1076 2580 οἰκοῦντες
1117 2516 1257 2594 ὑπὲρ
1295 2515 1755 2595 Ἁλικαρνησσοῦ
1796 2519 1974 2595 μεσό-

361 2631 544 2687 γαιαν·
599 2608 754 2665 τοῖσι
794 2604 933 2669 ὅκως
968 2629 1026 2665 τι
1063 2603 1274 2681 μέλλοι
1314 2603 1674 2680 ἀνεπιτήδεον
1715 2606 1972 2678 ἔσεσθαι,

360 2692 589 2753 αὐτοῖσί
611 2718 675 2753 τε
705 2692 798 2751 καὶ
831 2696 986 2752 τοῖσι
1020 2692 1372 2770 περιοίκοισι,
1405 2690 1444 2769 ἦ
1479 2694 1647 2771 ἱερείη
1676 2697 1780 2770 τῆς
1801 2692 1974 2771 Ἀθη-

360 2782 516 2859 ναίης
549 2779 787 2863 πώγωνα
816 2782 996 2862 μέγαν
1026 2780 1199 2860 ἴσχει·
1239 2781 1361 2859 τρίς
1389 2786 1503 2856 σφι
1535 2783 1703 2842 τοῦτο
1730 2782 1972 2864 ἐγένετο·

360 2867 514 2931 οὗτοι
543 2873 655 2930 τῶν
691 2870 822 2946 περὶ
854 2869 1072 2947 Καρίην
1107 2867 1321 2947 ἀνδρῶν
1352 2870 1558 2945 μοῦνοί
1589 2894 1653 2930 τε
1691 2868 1975 2950 ἀντέσχον

358 2959 562 3038 χρόνον
598 2957 866 3040 ‘Apu-6709
907 2958 998 3018 καὶ
1036 2955 1342 3038 πρήγματα
1372 2956 1669 3038 παρέσχον
1701 2961 1972 3031 πλεῖστα,

358 3046 488 3125 ὅρος
511 3049 856 3126 τειχίσαντες
879 3050 956 3124 τῷ
981 3043 1191 3123 οὔνομά
1216 3050 1342 3105 ἐστι
1366 3045 1533 3120 Λίδη.

270 3136 380 3195 176
417 3190 418 3193 ,
481 3136 777 3212 Πηδασέες
815 3136 920 3212 μέν
952 3159 1049 3194 νυν
1077 3132 1260 3213 χρόνῳ
1300 3133 1686 3210 ἐξαιρέθησαν.
1768 3134 1974 3195 Λύκιοι

363 3223 438 3292 δὲ,
481 3223 553 3286 ὥς
593 3229 649 3287 ἐς
685 3224 752 3284 τό
792 3221 1034 3286 Ξάνθιον
1058 3221 1250 3282 πεδίον
1279 3220 1467 3298 ἤλασε
1493 3221 1525 3281 ὀ
1547 3221 1845 3304 Ἀρπαγος
1868 3224 1975 3286 τόν

357 3309 619 3388 στρατόν,
642 3308 957 3380 ὑπεξιόντες
988 3309 1083 3368 καὶ
1111 3307 1424 3390 μαχόμενοι
1447 3307 1636 3392 ὀλίγοι
1660 3311 1804 3389 πρὸς
1824 3316 1973 3373 πολ-
