2184 3517
267 108 331 156 28
877 111 1243 161 ἨΡοΔοΤοΤ
1664 122 1668 128 ’
1791 109 1863 177 [1.

265 183 634 264 ἀτιμάζεσθαι
667 187 810 266 πρὸς
842 187 1279 265 Πεισιστράτου·
1320 186 1465 269 ὀργῇ
1505 188 1582 258 δὲ,
1619 187 1692 252 ’ὥς
1728 188 1865 268 εἶχε,

268 273 701 336 καταλλάσσετο
725 275 830 352 τήν
849 277 1053 356 ἔχθρην
1070 279 1224 336 τοῖσι
1244 274 1617 354 στασιώτῃσι.
1668 275 1867 354 μαθών

266 361 327 421 δὲ
365 360 411 438 ὁ,
439 363 856 441 Πεισίστρατος
891 363 964 424 τοὶ
1002 362 1303 440 ποιεύμενα
1342 362 1427 422 ἐπ’
1459 367 1651 442 ἑωυτῷ,
1682 362 1867 423 ἀπαλ-

265 449 523 511 λάσσετο
555 455 616 511 ἐκ
651 456 753 527 τῆς
789 451 972 531 χώρης
1004 451 1071 512 vd
1108 451 1393 530 παράπαν·
1434 450 1766 528 ἀπικόμενος
1804 452 1868 512 δὲ

266 541 323 600 ἐς
343 536 630 615 Ἐρέτριαν
666 538 1000 615 ἐβουλεύετο
1034 537 1154 616 ἅμα
1184 543 1338 599 τοῖσι
1372 540 1558 599 παισί.
1638 539 1868 601 Ἱππίεω

266 624 328 684 δὲ
357 624 551 706 γνώμῃ
575 625 922 702 νικήσαντος,
948 625 1300 687 ἀνακτᾶσθαι
1331 625 1515 687 ὀπίσω
1543 625 1648 703 τήν
1670 652 1867 705 τυραν-

264 712 404 784 νίδα,
432 713 668 773 ἐνθαῦτα
690 713 914 795 ἤγειρον
932 713 1159 778 δωτίνας
1186 719 1245 774 ἐκ
1264 718 1375 774 τῶν
1390 715 1617 784 πολίων,
1639 715 1869 779 αἵτινές

266 807 381 878 σφι
423 801 734 880 προῃδέατο
780 801 881 862 κού
921 827 996 863 τι·
1047 806 1282 864 πολλῶν
1321 802 1381 862 δὲ
1418 801 1644 884 μεγάλα
1686 828 1867 879 παρα·-

270 887 522 968 σχόντων
557 889 835 968 χρήματα,
861 892 1109 966 Θηβαῖοι
1138 889 1559 967 ὕπερεβάλοντο
1593 893 1666 970 τῇ
1708 889 1869 958 δόσεῖ

263 980 374 1037 τῶν
416 976 734 1059 χρημάτων.
813 978 957 1056 μετοὶ
1001 978 1076 1048 δὲ,
1126 976 1191 1037 οὐ
1231 982 1432 1058 πολλῷ
1475 977 1630 1059 λόγῳ
1676 982 1865 1049 εἰπεῖν,

263 1063 466 1143 χρόνος
490 1065 651 1142 διέφυ
672 1066 765 1127 καὶ
782 1064 965 1127 πάντα
988 1072 1102 1142 σφι
1128 1064 1389 1143 ἐξήρτυτο
1410 1070 1466 1129 ἐς
1489 1065 1593 1142 τὴν
1612 1064 1863 1128 κάτοδον·

267 1152 479 1235 καὶγὰρ
493 1152 737 1234 Ἀργεῖοι
749 1153 1023 1232 μισθωτοὶ
1038 1152 1305 1214 ἀπίκοντο
1322 1157 1382 1213 ἐκ
1397 1153 1865 1230 Πελοποννήσου·

263 1242 356 1301 καὶ
380 1240 592 1311 Νάξιός
614 1248 728 1318 σφι
756 1241 896 1318 οἷνῆρ
932 1240 1235 1322 ἀπιγμένος
1267 1240 1575 1318 ἐθελοντὴς,
1599 1246 1678 1322 τῷ
1710 1268 1867 1303 ουνο-

138 1354 145 1365 “
262 1354 345 1405 μα
368 1328 440 1406 ἦν
467 1328 768 1410 Λυγδαμις,
793 1329 1108 1406 προθυμίην
1130 1327 1407 1404 πλείστην
1429 1329 1746 1408 παρείχετο,
1772 1355 1866 1391 κο-

72 1428 119 1448 ⁴*
170 1417 248 1476 62
264 1417 438 1493 μίσας
477 1417 570 1476 καὶ
606 1416 901 1495 χρήματα
910 1416 1001 1475 καὶ
1039 1416 1259 1494 ἄνδρας.
1338 1416 1443 1486 Ἐξ
1480 1415 1764 1494 Ἐρετρίης
1800 1418 1864 1479 δὲ

264 1502 611 1583 ὁρμηθέντες,
634 1503 724 1563 διοὶ
743 1503 1030 1564 ἑνδεκάτου
1054 1502 1257 1567 ἔτεος’
1221 1530 1487 1567 απικοντο
1508 1503 1711 1565 ὀπίσω.
1769 1507 1864 1566 καὶ

262 1595 482 1668 πρῶτον
495 1596 598 1668 τῆς
620 1590 924 1667 Ἀττικῆς”
901 1617 1135 1670 ισχουσι
1159 1593 1502 1670 Μαραθῶνα·
1532 1598 1590 1653 ἐν
1608 1593 1670 1653 δὲ
1685 1592 1864 1674 τούτω

263 1683 342 1758 τῷ
386 1678 547 1760 χώρῳ
590 1686 705 1756 σφι
732 1680 1395 1757 στρατοπεδευομένοισι,
1443 1680 1504 1740 οἵ
1541 1706 1606 1741 τε
1650 1686 1711 1741 ἐκ
1758 1686 1862 1743 τοῦ

262 1765 463 1833 ἄστεος
491 1771 803 1828 στασιῶται
833 1766 1099 1828 α’πίκοντο
1127 1766 1302 1828 ἄλλοι
1335 1792 1399 1828 τε
1433 1773 1495 1828 ἐκ
1528 1772 1640 1830 τῶν
1672 1768 1863 1846 δήμων

239 1857 606 1934 ’προσέρρεον
639 1855 757 1917 οἶσι
794 1855 835 1931 ἦ
871 1857 1123 1933 τυραννὶς
1160 1855 1271 1934 πρό
1306 1857 1619 1934 ἐλευθερίης
1656 1856 1727 1933 ἦν
1757 1857 1892 1922 οἷσ·,

262 1943 630 2022 παστότερον.
710 1941 865 2005 οὗτοι
894 1947 999 2022 μὲν
1028 1943 1098 2021 δὴ
1130 1945 1514 2020 συνηλίζοντο·
1554 1943 1863 2021 Ἀθηναίων

263 2031 324 2091 δὲ
359 2035 414 2091 οῖ
445 2037 505 2091 ἐκ
535 2035 637 2091 τοῦ
668 2030 885 2102 ἄστεος,
914 2032 1013 2095 ἕως
1040 2035 1147 2110 μὲν
1173 2032 1589 2110 Πεισίστρατος
1616 2032 1689 2093 τοὶ
1721 2034 1863 2113 χρή-

262 2145 415 2197 ματα
437 2118 642 2201 ἤγειρε,
664 2120 756 2179 καὶ
778 2123 1037 2198 μεταῦτις
1063 2120 1135 2184 ὥς
1159 2122 1295 2199 ἔσχε
1320 2121 1658 2197 Μαραθῶνα,
1685 2121 1863 2203 λόγον

264 2206 458 2268 οὐδένα
484 2208 654 2288 εἶχον·
689 2208 814 2269 ἐπεί
830 2233 895 2268 τε
919 2207 980 2267 δὲ
1004 2208 1274 2274 ἐπύθοντο
1300 2212 1363 2269 ἐκ
1387 2212 1488 2274 τοῦ
1514 2209 1863 2286 Μαραθῶνος

262 2294 432 2358 αὗτόν
463 2296 799 2376 πορεύεσθαι
838 2294 932 2357 ἐπὶ
966 2295 1036 2357 τό
1071 2295 1234 2366 ἄστυ,
1268 2294 1408 2357 οὕτω
1445 2294 1514 2372 δὴ
1548 2297 1863 2373 βοηθέουσι

263 2383 348 2444 ἐπ’
381 2384 566 2447 αὐτόν.
606 2385 700 2446 καὶ
735 2382 893 2446 οὗτοί
921 2408 984 2445 τε
1014 2389 1368 2466 πανστρατιῇ
1392 2382 1563 2460 ἤῖσαν
1599 2385 1693 2444 ἐπὶ
1729 2385 1863 2451 τους

265 2472 567 2538 κατιόντας·
601 2474 694 2533 καὶ
720 2475 774 2533 οἱ
797 2471 950 2551 ἀμφὶ
975 2471 1410 2549 Πεισίστρατον,
1433 2471 1504 2535 ὥς
1528 2471 1863 2549 ὁρμηθέντες

263 2566 325 2621 ἐκ
351 2562 696 2638 Μαραθῶνος
712 2560 883 2637 ἤϊσαν
903 2559 996 2620 ἐπὶ
1018 2559 1086 2620 τδ
1112 2557 1278 2630 ἄστυ,
1298 2565 1353 2624 ἐς
1375 2559 1552 2621 τῶυτὸ
1579 2561 1862 2626 συνιόντες

262 2648 610 2710 ἀπικνέονται
659 2649 751 2709 ἐπὶ
805 2646 1169 2723 Παλληνίδος
1216 2646 1514 2724 Ἀθηναίης
1572 2647 1712 2725 ἱρὸν,
1766 2651 1861 2709 καὶ

261 2735 421 2798 οἷντία
459 2738 645 2798 ἔθεντο
681 2735 755 2796 τὰ
792 2734 964 2797 ὅπλα·
1005 2735 1242 2796 ἐνθαῦτα
1287 2736 1408 2816 θείῃ
1446 2740 1651 2816 πομπῇ
1688 2737 1861 2815 χρεώ-
1919 2798 1930 2805 ,
1999 2784 2006 2793 ,

260 2850 426 2901 μενος
448 2825 789 2902 παρίσταται
814 2821 1211 2903 Πεισιστράτω
1233 2822 1635 2901 ἈμφΟιυτος
1602 2851 1635 2885 ο
1659 2823 1859 2902 Ἀκαρ-

200 2963 208 2971 .
260 2912 377 2982 νοῖν,
401 2909 803 2995 χρησμολόγος
838 2910 996 2988 οἰνηρ,
1032 2909 1096 2975 ὅς
1127 2914 1182 2971 οῖ
1214 2936 1467 3023 προσιων
1498 2916 1613 2992 χρᾷ
1646 2916 1705 2974 ἐν
1738 2912 1860 2983 εξα-

262 3000 444 3078 μέτρω
467 2996 624 3075 τόνω,
647 2997 780 3059 τάδε
803 2998 1002 3079 λέγων·

280 3136 283 3145 .
348 3103 603 3165 Ἔῤῥιπται
635 3098 680 3148 δ’
712 3101 739 3150 ὁ
769 3103 930 3165 βόλος,
965 3104 1024 3151 τὸ
1056 3104 1111 3153 δὲ
1144 3104 1329 3152 δίκτυον
1363 3102 1743 3152 ἐκπεπέτασται·

360 3176 511 3222 θύννοι
543 3173 584 3220 δ’
620 3174 869 3234 οἰμήσουσι
903 3176 1157 3236 σεληναίης
1189 3177 1268 3224 διὰ
1289 3176 1468 3224 νυκτός.

171 3260 330 3319 noes)
373 3260 475 3335 μὲν
509 3257 579 3333 δή
619 3261 673 3318 οἱ
709 3260 974 3334 ἐνθεάζων
993 3265 1125 3341 χρᾷ
1154 3259 1304 3320 τάδε·
1346 3261 1760 3339 Πεισίστρατος
1799 3261 1861 3322 δὲ
