2184 3517
281 91 380 140 134
889 91 1257 142 ἨΡΟΔΟΤΟΤ
1782 87 1885 154 [H.

281 169 575 232 ἐπύθοντο.
663 169 896 249 οὐδαμοὶ
946 170 1058 252 γὰρ
1112 168 1209 231 ἀπ’
1262 168 1443 250 ἀρχῆς
1503 168 1892 235 Ποσειδέωνος

285 257 496 336 οὕνομα
524 259 792 335 ἔκτηνται,
816 262 865 319 εἴ
888 258 969 336 μὴ
991 259 1222 334 Λίβυες·
1264 259 1356 317 καὶ
1380 257 1617 335 τιμέωσι
1640 257 1740 318 τᾶν
1759 258 1893 318 θεὸν

285 351 485 414 τοῦτον
512 349 637 406 αἰεί.
719 348 1011 425 νομίζουσι
1042 345 1089 405 δ’
1123 346 1196 406 ὧν
1228 345 1526 427 Αἰγύπτιοι
1561 344 1675 404 οὐδ’
1706 345 1894 423 ἥρωσι

191 436 266 495 51
288 434 464 495 οὐδέν.
546 440 737 496 Ταῦτα
766 435 871 511 μέν
903 461 1016 504 νυν,
1046 435 1139 493 καὶ
1174 433 1330 493 ἄλλα
1360 433 1503 512 πρός
1536 433 1786 493 τούτοισι
1814 433 1896 494 τοὶ

291 523 399 605 ἐγῶ
451 523 673 602 φράσω,
716 522 996 599 Ἕλληνες
1039 520 1135 582 ἀπ’
1182 522 1500 603 Αἰγυπτίων
1545 520 1893 599 νενομίκασι·

288 614 391 671 τοῦ
432 612 491 671 δὲ
515 611 731 689 Ἑρμέω
769 611 842 671 τοῖ
882 609 1187 692 ἀγάλματα
1225 608 1368 687 ὀρθοὶ
1409 611 1557 689 ἔχειν
1594 608 1667 670 τοὶ
1707 610 1899 670 αἰδοῖα.

288 701 587 768 ποιεῦντες,
614 698 713 758 οὗκ
748 696 843 758 ἀπ’
871 698 1190 779 Αἰγυπτίων
1220 698 1583 775 μεμαθήκασι
1618 696 1749 756 ἀλλ’
1775 696 1899 758 <ivd

291 790 628 868 Πελασγῶν,
649 789 858 864 πρῶτοι
883 787 986 863 μὲν
1010 785 1302 863 Ἑλλήνων
1327 785 1586 846 ἁπάντων
1602 784 1901 863 Ἀθηναῖοι

291 875 737 953 παραλαβόντες,
763 874 918 953 παροὶ
956 874 1016 934 δὲ
1045 874 1255 936 τούτων
1287 873 1500 935 ’ὤλλον
1538 873 1901 951 Ἀθηναίοισι

290 962 403 1044 γοῖρ
427 962 535 1040 ἤδη
559 966 859 1040 τηνικαῦτα
886 968 941 1027 ἐς
965 962 1258 1040 Ἕλληνας
1284 963 1562 1037 τελέουσι,
1590 963 1903 1044 Πελασγοὶ

295 1051 547 1112 σύνοικοι
573 1052 826 1133 ἐγένοντο
846 1055 905 1112 ἐν
929 1055 1001 1130 τῇ
1027 1050 1204 1131 χώρῃ·
1231 1050 1360 1113 ὅθεν
1378 1076 1484 1129 περ
1506 1049 1599 1110 καὶ
1613 1049 1905 1126 Ἕλληνες

292 1138 529 1218 ἤρξαντο
569 1141 924 1217 νομισθῆναι·
964 1138 1148 1219 (ὅστις
1187 1139 1249 1199 δὲ
1286 1137 1358 1200 τοὶ
1391 1138 1691 1215 Καβείρων
1728 1137 1904 1219 ὄργια

289 1228 567 1306 μεμύηται
591 1227 663 1288 τοὶ
686 1227 1066 1306 Σαμοθρήϊκες
1087 1227 1437 1288 ἐπιτελέουσι
1461 1226 1906 1306 παραλαβόντες

291 1316 447 1394 παρὰ
499 1320 837 1397 Πελασγὸν,
880 1314 1042 1380 οὗτος
1088 1315 1236 1393 ώνήρ
1277 1315 1393 1376 οἶδε
1430 1315 1498 1376 ‘td
1539 1316 1707 1397 λέγω.
1787 1315 1906 1392 τήν

289 1403 400 1485 γοῖρ
430 1404 823 1485 Σαμοθρηΐκην
857 1404 1039 1465 οἴκεον
1074 1403 1349 1483 πρότερον
1387 1402 1689 1485 Πελασγοὶ
1719 1400 1904 1476 οὗτοι,

290 1493 385 1552 τοί
418 1517 524 1570 περ
562 1492 913 1569 Ἀθηναίοισι
958 1491 1212 1553 σύνοικοι
1251 1491 1527 1574 ἐγένοντο·
1609 1491 1702 1551 καὶ
1737 1491 1913 1569 vaput

291 1579 499 1640 τούτων
552 1580 935 1658 Σαμοθρήῖκες
984 1580 1059 1640 w)
1113 1579 1279 1661 ὄργια
1329 1579 1907 1661 παραλαμβάνουσι.)

293 1666 435 1745 ὄρθοῖ
484 1668 558 1730 ὧν
610 1670 756 1748 ἔχειν
799 1668 873 1728 τὰ
919 1668 1103 1727 αἰδοῖα
1148 1666 1488 1750 τάγάλματα
1534 1673 1636 1728 τοῦ
1676 1667 1907 1746 Ἑρμέω

289 1757 579 1834 Ἀθηναῖοι
603 1761 815 1836 πρῶτοι
837 1755 1146 1832 Ἑλλήνων,
1178 1756 1452 1833 μαθόντες
1481 1756 1636 1835 παρὰ
1661 1760 1907 1817 Πελασ-

289 1850 422 1927 γῶν,
459 1844 816 1920 ἐποιήσαντω
864 1846 919 1904 οἳ
958 1844 1019 1904 δὲ
1059 1845 1363 1926 Πελασγοὶ
1403 1844 1524 1921 ἱρόν
1556 1870 1680 1905 τινα
1716 1844 1908 1925 λόγον

291 1934 421 2011 περὶ
476 1932 647 1994 αὐτοῦ
698 1931 912 2004 ἔλεξαν,
962 1930 1037 1993 τοὶ
1095 1937 1155 1993 ἐν
1208 1936 1362 1993 τοῖσι
1416 1937 1477 1993 ἐν
1531 1932 1907 2014 Σαμοθρηΐκῃ

196 2024 276 2082 52
293 2021 657 2099 μυᾰτηρίοισι
683 2020 1006 2106 δεδήλωται.
1077 2020 1287 2083 Ἕθυον
1312 2021 1373 2081 δὲ
1407 2021 1592 2082 πάντα
1621 2021 1908 2099 πρότερον

297 2111 352 2168 οἱ
383 2109 686 2190 Πελασγοὶ
712 2110 897 2171 θεοῖσι
924 2107 1305 2189 ἐπευχόμενοι,
1336 2108 1408 2182 αἷς
1432 2109 1542 2191 ἐγῶ
1567 2114 1626 2169 ἐν
1653 2108 1906 2190 Δωδώνῃ

296 2196 420 2256 οἶδα
461 2195 724 2278 α’κούσας,
753 2198 1063 2277 ἐπωνυμίην
1103 2197 1164 2257 δὲ
1205 2195 1318 2257 οὐδ’
1358 2196 1569 2275 οὕνομα
1610 2201 1908 2259 ἐποιεῦντο

298 2283 476 2346 οὔδενὶ
497 2284 695 2346 αὐτῶν·
723 2285 789 2346 οὗ
812 2286 924 2368 γοῖρ
948 2284 1265 2363 ἀκηκόεσάν
1291 2311 1386 2345 κω.
1455 2286 1614 2349 θεοῦς
1639 2286 1698 2346 δὲ
1716 2312 1907 2364 προσ·-

297 2373 596 2452 ωνόμασάν
658 2381 846 2451 σφεας
903 2374 1017 2435 ‹in-6
1077 2378 1181 2435 τοῦ
1227 2373 1499 2445 τοιούτου,
1557 2373 1644 2435 ὅτι
1699 2373 1907 2456 κόσμῳ

295 2461 481 2528 θέντες
514 2462 587 2523 τοὶ
622 2463 805 2524 πάντα
834 2462 1142 2544 πρήγματα
1175 2461 1266 2522 καὶ
1295 2462 1484 2527 πάσας
1515 2462 1689 2540 νομοῖς
1721 2462 1904 2542 εἶχον·

295 2551 482 2611 ἔπειτα
508 2551 585 2622 δὲ,
610 2552 817 2630 χρόνου
847 2556 1071 2611 πολλοῦ
1104 2550 1497 2623 διεξελθόντος,
1527 2551 1797 2612 ἐπύθοντο
1833 2556 1906 2612 ἐκ

292 2643 393 2714 τῆς
419 2638 705 2721 Αἰγύπτου
733 2638 1045 2717 α’πικόμενα
1068 2639 1141 2700 τοὶ
1168 2638 1451 2716 οὐνόματα
1479 2642 1592 2712 τῶν
1619 2640 1758 2700 θεῶν
1783 2644 1906 2701 τῶν

294 2726 505 2787 ἄλλων·
548 2727 829 2789 Διονύσου
856 2728 915 2788 δὲ
939 2727 1178 2806 ὕστερον
1201 2731 1402 2807 πολλῷ
1427 2727 1716 2789 ἐπύθοντο.
1802 2729 1906 2789 καὶ

294 2814 438 2893 μετὰ
456 2814 661 2895 χρόνον
688 2816 1191 2896 ἐχρηστηριάζοντο
1212 2816 1342 2894 περὶ
1366 2819 1476 2877 τῶν
1496 2815 1816 2894 οὐνομάτων
1839 2816 1906 2879 ἐν

296 2904 556 2983 Δωδώνῃ·
594 2905 664 2964 τὰ
696 2905 808 2985 γαῖρ
840 2905 908 2979 δὴ
940 2904 1212 2981 μαντήϊον
1243 2907 1411 2964 τοῦτο
1443 2904 1769 2981 νενόμισται
1799 2903 1903 2983 ἅρ-

296 2992 596 3067 χαιότατον
626 2995 736 3052 τῶν
777 2997 835 3053 ἐν
852 2992 1110 3067 Ἕλλησι
1138 2993 1496 3070 χρηστηρίων
1522 2992 1678 3063 εἶναι,
1708 2993 1803 3052 καὶ
1826 2992 1905 3069 ἦν

298 3076 396 3134 τᾶν
419 3079 622 3154 χρόνον
646 3083 847 3139 τοῦτον
872 3082 1098 3156 μοῦνον·
1141 3080 1260 3138 ἐπεὶ
1288 3078 1361 3139 ὧν
1387 3078 1907 3158 ἐχρηστηριάζοντο

299 3164 357 3218 ἐν
379 3167 451 3237 τῇ
478 3166 716 3243 Δωδώνῃ
742 3169 798 3225 οἱ
834 3166 1136 3246 Πελασγοὶ
1175 3170 1269 3225 “ει’.
1303 3164 1606 3227 ἀνέλωνται
1635 3168 1708 3227 τοὶ
1744 3166 1906 3229 οὖνό-

300 3268 450 3317 ματα
485 3248 558 3307 τοὶ
596 3250 710 3309 ἀπὸ
749 3256 860 3310 τῶν
898 3252 1215 3330 βαρβάρων
1253 3252 1463 3328 ἥκοντα
1482 3253 1532 3323 ;”
1599 3254 1791 3315 α’νεῖλε
1829 3256 1909 3317 τὸ
