2184 3517
212 97 291 155 15,
323 94 412 159 16]
888 97 1157 145 eAAmA.
1716 97 1809 148 207

202 180 433 254 πρῶτον
459 175 855 235 κατακοπέντα·
899 173 1068 235 αὐτὸν
1096 175 1155 235 δὲ
1180 175 1547 252 Ψαμμήνιτον
1570 174 1813 251 ἀναστή-

205 289 414 326 σαντες
457 261 598 343 ἦγον
648 260 805 338 παροῖ
850 262 1200 339 Καμβύσεα·
1284 263 1417 323 ἔνθα
1460 266 1563 322 τοῦ
1610 267 1815 323 λοιποῦ

204 351 462 411 διαιτᾶτο
489 351 629 429 ἔχων
665 347 825 408 οὐδὲν
860 349 1070 425 βίαιον·
1114 354 1162 409 εἰ
1199 350 1259 409 δὲ
1295 351 1388 408 καὶ
1418 349 1706 426 ἠπιστήθη
1731 350 1812 427 μή

206 440 720 518 πολυπρηγμονεῖν,
762 435 1025 513 ἀπέλαβε
1065 435 1135 497 ἂν
1174 438 1460 518 ᾼῖγυπτον
1513 436 1659 497 ὥστε
1699 443 1812 498 ἐπι-

206 525 497 603 τροπεύειν
544 524 732 600 αὐτῆς·
812 524 931 583 ἐπεὶ
971 528 1142 600 τιμᾶν
1190 525 1396 585 ἐώθασι
1440 526 1665 602 Πέρσαι
1705 529 1815 586 τῶν

206 615 502 690 βασιλέων
531 612 663 675 τοῦς
691 611 913 675 παῖδας·
953 615 1082 682 τῶν,
1114 609 1184 688 ἦν
1216 613 1313 671 καί
1345 618 1538 688 σφεων
1573 611 1813 672 άποστέ-

208 727 336 771 ωσι,
386 699 534 779 ὅμως
582 699 740 759 τοῖσί
779 724 848 780 γε
892 700 1061 758 παισὶ
1107 698 1286 760 αὐτῶν
1338 698 1668 760 ἀποδιδοῦσι
1708 700 1813 777 τὴν

208 788 410 867 οἷρχήν·
451 790 729 847 πολλοῖσι
752 788 860 863 μέν
886 812 984 847 νυν
1011 787 1104 846 καὶ
1139 783 1382 847 ἄλλοισί
1404 792 1527 847 ἐστι
1554 789 1813 865 σταθμώ-

209 877 446 944 σασθαι,
475 874 562 935 ὅτι
584 878 753 934 τοῦτο
788 873 931 934 οὕτω
964 874 1289 952 νενομίκασι
1315 876 1538 947 ποιέειν,
1568 881 1626 936 ἐν
1653 876 1712 935 δὲ
1738 877 1808 953 δή

210 965 307 1022 καὶ
331 962 485 1042 τῷδε,
509 965 588 1041 τῷ
621 962 841 1040 Λίβυος
871 960 1067 1039 Ἰνάρω
1100 961 1260 1021 παιδὶ
1291 962 1562 1041 Θαννύρᾳ,
1589 963 1652 1028 ὃς
1680 962 1814 1024 οἷπέ-

207 1051 364 1126 λαβε
387 1049 492 1126 τήν
516 1052 571 1109 οἶ
596 1048 630 1110 ὅ
654 1048 842 1125 πατήρ
870 1048 987 1128 εἶχε
1013 1048 1215 1129 ἀρχήν·
1256 1051 1349 1109 καὶ
1373 1053 1451 1128 τῷ
1474 1050 1813 1128 Ἀμυρταίου

208 1140 483 1216 Παυσίρι·
537 1137 631 1196 καὶ
668 1137 779 1217 γοὶρ
820 1134 983 1200 οὗτος
1020 1135 1284 1213 ἀπέλαβε
1320 1136 1427 1213 τήν
1463 1141 1564 1197 τοῦ
1603 1139 1815 1215 πατρός

208 1225 414 1304 ἀρχήν.
455 1225 636 1285 καίτοι
659 1223 853 1301 Ἰνάρω
883 1249 946 1283 τε
982 1225 1074 1285 καὶ
1100 1223 1440 1303 Ἀμυρταίου
1476 1224 1716 1302 οὐδαμοί
1738 1253 1814 1286 κω

206 1314 445 1391 Πέρσας
496 1312 639 1373 κακοὶ
686 1313 842 1371 πλέω
894 1311 1230 1393 ἐργάσαντο.
1311 1316 1407 1373 νῦν
1453 1312 1515 1372 δὲ
1558 1313 1815 1393 μηχανώ-

208 1425 377 1477 μενος
415 1399 559 1460 κακοῖ
595 1399 627 1460 ὅ
660 1397 1025 1477 Ψαμμήνιτος
1061 1400 1241 1477 ἔλαβε
1279 1400 1381 1461 τὸν
1419 1401 1648 1478 μισθόν·
1689 1401 1814 1484 άπι-

209 1488 357 1552 στοὶς
406 1488 516 1569 γάρ
569 1487 906 1567 Αἶγιηττίους
943 1486 1082 1562 ἥλω·
1167 1489 1294 1548 ἐπεί
1338 1514 1401 1548 τε
1448 1489 1509 1548 δὲ
1550 1488 1812 1553 ἐπάῖστος

210 1575 431 1657 ἐγένετο
456 1574 568 1635 om}
600 1572 948 1651 Καμβύσεω,
976 1574 1116 1651 αἷμα
1153 1575 1358 1653 ταύρου
1396 1577 1538 1637 πιών
1573 1576 1813 1640 ἀπέθανε

209 1666 579 1743 παραχρῆμα.
661 1660 801 1721 οὕτω
829 1661 898 1736 δὴ
928 1658 1090 1725 οὗτος
1119 1663 1466 1741 ἐτελεύτησε.

295 1749 625 1827 Καμβύσης
650 1749 710 1809 δὲ
735 1754 795 1808 ἐκ
822 1750 1090 1827 Μέμφιος
1125 1749 1353 1812 ἀπίκετο
1382 1758 1436 1816 ἐς
1463 1751 1602 1817 Σάϊν
1626 1753 1812 1823 πόλιν,

209 1837 565 1915 βουλόμενος
615 1840 855 1913 ποιῆσαι
905 1837 976 1896 τοὶ
1016 1835 1085 1912 δὴ
1127 1838 1219 1896 καὶ
1260 1841 1510 1915 ἐποίησε.
1593 1841 1718 1900 ἐπεί
1750 1866 1814 1900 τε

210 1925 326 2006 γὰρ
354 1926 567 2002 ἐσῆλθε
594 1930 647 1989 ἐς
673 1924 745 1984 ταῖ
771 1928 871 1983 τοῦ
889 1922 1167 2000 Ἀμάσιος
1195 1928 1356 1998 οἰκία,
1377 1927 1574 1988 αὐτίκα
1598 1929 1815 1988 ἐκέλευε

210 2017 276 2073 ἐκ
301 2017 404 2089 τῆς
436 2017 623 2089 ταφῆς
655 2012 757 2072 τὸν
791 2010 1067 2088 Ἀμάσιος
1106 2013 1265 2074 νέκυν
1300 2017 1553 2093 ἐκφέρειν
1582 2016 1700 2086 ἔξω·
1742 2016 1814 2080 ὦς

209 2101 275 2160 δὲ
325 2100 504 2161 ταῦτά
542 2104 596 2160 οἱ
637 2100 895 2160 ἐπιτελέα
948 2101 1183 2180 ἐγένετο,
1222 2107 1538 2184 μαστιγοῦν
1578 2104 1811 2175 ἐκέλευε,

211 2188 309 2248 καὶ
331 2188 435 2252 τοῖς
456 2188 651 2267 τρίχας
675 2187 1021 2258 ἀποτίλλειν,
1050 2188 1144 2247 καὶ
1171 2194 1395 2250 κεντοῦν
1419 2215 1483 2249 τε
1509 2190 1601 2249 καὶ
1626 2190 1814 2250 τᾶλλα

207 2276 401 2337 πάντα
438 2277 830 2354 λυμαίνεσθαι·
902 2276 1028 2335 ἐπεί
1061 2302 1125 2336 τε
1164 2277 1225 2336 δὲ
1264 2278 1358 2336 καὶ
1395 2281 1572 2358 ταῦτα
1611 2279 1815 2356 ἔκαμον

207 2369 511 2434 ποιεῦντες,
557 2363 614 2444 (ὅ
663 2363 777 2445 γοὶρ
830 2362 898 2439 δή
947 2363 1156 2441 νεκρός,
1204 2363 1305 2424 ἅτε
1346 2366 1813 2443 τεταριχευμένος,

209 2451 439 2531 ἀντεῖχέ
461 2478 525 2512 τε
549 2453 642 2511 καὶ
674 2451 832 2512 οῦδὲν
862 2451 1148 2531 διεχέετο,)
1176 2453 1439 2512 ἐκέλευσέ
1466 2478 1565 2529 μιν
1594 2453 1627 2513 ὁ
1654 2457 1815 2531 Καμ-

208 2538 406 2615 βύσης
436 2543 801 2609 κατακαῦσαι,
840 2537 1237 2615 ἐντελλόμενος
1270 2538 1369 2599 οῦκ
1401 2538 1553 2601 ὅσια·
1595 2541 1819 2618 Πέρσαι

208 2625 324 2707 γὰρ
352 2626 482 2687 θεόν
521 2627 812 2702 νομίζουσι
849 2625 989 2686 εἶναι
1013 2630 1146 2703 πῦρ·
1186 2626 1256 2687 τὸ
1297 2625 1372 2687 ὧν
1397 2630 1712 2689 κατακαίειν
1750 2655 1817 2710 γε

208 2714 345 2777 τοῦς
397 2714 623 2792 νεκρούς
675 2712 926 2790 οὐδαμῶς
966 2719 1025 2774 ἐν
1073 2713 1225 2794 νόμῳ
1279 2713 1623 2795 οὖδετέροισί
1673 2721 1816 2777 ἐστι·

211 2803 630 2880 Πέρσῃσμμὲν,
659 2801 726 2860 δι’
767 2802 906 2878 ὅπερ
942 2802 1169 2878 εἴρηται,
1199 2803 1305 2881 θεῷ
1342 2804 1406 2862 οῦ
1444 2804 1654 2865 δίκαιον
1681 2805 1818 2865 εἶναι

209 2889 479 2969 λέγοντες
520 2890 704 2965 νέμειν
743 2888 938 2966 νεκρὸν
977 2888 1291 2965 ἀνθρώπου·
1359 2892 1719 2971 Αἰγυπτίοισι
1758 2893 1820 2952 δὲ

210 2976 543 3054 νενόμισται
568 2980 681 3054 πῦρ
707 2977 901 3053 θηρίον
926 2976 1066 3036 εἶναι
1092 2977 1361 3055 ἔμψυχον,
1388 2978 1573 3038 πάντα
1598 2979 1658 3038 δὲ
1685 2978 1819 3040 αὗτό

211 3064 534 3125 κατεσθίειν
569 3064 643 3123 τά
680 3088 786 3141 περ
827 3061 894 3123 ἂν
939 3062 1102 3141 λάβῃ
1142 3065 1400 3139 πλησθὲν
1441 3064 1502 3123 δὲ
1542 3064 1678 3125 αὖτὸ
1717 3069 1820 3141 τῆς

208 3150 399 3228 βορῆς
457 3149 940 3225 συναποθνήσκειν
997 3154 1074 3227 τῷ
1138 3151 1568 3230 κατεσθιομένῳ·
1649 3150 1823 3212 οὔκων

209 3236 468 3315 θηρίοισι
492 3236 664 3316 νόμος
689 3236 942 3313 οὗδαμῶς
978 3236 1096 3311 σφί
1123 3241 1247 3295 ἐστι
1280 3236 1380 3297 τᾶν
1411 3234 1570 3299 νέκύν
1595 3238 1820 3299 διδόναι·

612 3421 648 3455 0
