2184 3517
328 115 393 163 42
938 108 1306 157 HPOAOTOT
1865 105 1940 171 [1.

327 190 470 251 κατὰ
493 216 560 250 το
587 188 737 250 ἄλλο
771 195 956 269 τεῖχος
987 189 1323 265 περιενείκας
1355 191 1429 267 τῇ
1464 186 1536 264 ἦν
1563 188 1843 266 ἐπίμαχον
1871 187 1946 247 τὰ

326 279 531 359 χωρίον
559 282 661 353 τῆς
692 276 1047 354 ἀκροπόλιος,
1082 275 1440 355 κατηλόγησε
1474 274 1692 345 τούτου,
1728 274 1801 338 ὦς
1844 274 1946 335 εὀν

330 363 552 445 ἄμαχόν
575 392 638 426 τε
670 367 762 425 καὶ
795 364 1098 441 ἀπότομον·
1141 365 1263 423 ἔστι
1296 364 1355 421 δὲ
1379 389 1522 440 προς
1552 368 1654 424 τοῦ
1695 362 1946 440 Τμώλου

328 454 703 530 τετραμμένον
725 452 1069 528 τῆς,πόλιος.
1153 450 1188 511 ὁ
1227 449 1301 511 ὧν
1338 451 1407 526 δὴ
1441 450 1737 527 Ὑροιάδης
1773 449 1948 514 αὖτός

328 540 385 625 [ὁ
414 540 683 621 Μάρδος,]
716 540 842 599 ἰδών
865 544 936 618 τῇ
962 539 1264 618 προτεραίῃ
1290 542 1402 598 τῶν
1426 539 1551 598 τινοὶ
1576 540 1771 599 Λυδῶν
1796 539 1948 599 κατὰ

328 633 496 689 τοῦτο
520 632 621 703 τῆς
646 627 983 704 ἀκροπόλιος
1010 627 1335 703 καταβάντα
1373 626 1466 686 ἐπὶ
1502 628 1696 703 κυνέην
1730 625 1948 688 ἄνωθεν

331 717 855 786 κατακυλισθεῖσαν,
895 716 986 775 καὶ
1033 713 1385 791 ἀνελόμενον,
1432 714 1695 792 ἐφράσθη
1739 715 1835 774 καὶ
1884 719 1946 779 ἐς

333 802 509 880 θυμόν
535 803 797 880 ἐβάλετο.
838 803 965 863 τότε
997 804 1057 862 δὲ
1088 803 1158 878 δή
1198 803 1230 863 ό
1268 801 1433 867 αὐτός
1462 828 1525 863 τε
1557 802 1940 880 ἀναβεβήκεε,

334 892 430 951 καὶ
456 891 572 951 κατ’
600 891 767 952 αὖτὸν
792 890 965 951 ἄλλοι
990 891 1262 968 Περσέων
1287 891 1602 967 ἀνέβαινον·
1644 889 1948 969 προσβάν-

332 1005 441 1039 των
481 980 539 1038 δὲ
571 984 809 1059 συχνῶν,
849 979 989 1039 οὕτω
1025 978 1096 1055 δή
1140 977 1370 1057 Σάρδιές
1407 1003 1473 1040 τε
1511 978 1811 1057 ἡλώκεσαν
1846 979 1947 1039 καὶ

334 1072 449 1128 πᾶν
473 1067 539 1128 τό
567 1066 713 1128 ἄστυ
740 1068 1053 1144 ἐπορθέετο.

239 1159 316 1216 85
417 1155 559 1215 Κατ’
585 1155 753 1216 αὖτόν
779 1156 838 1215 δὲ
858 1159 1114 1233 Κροῖσον
1138 1154 1270 1215 τάδε
1295 1153 1531 1235 ἐγένετο.
1611 1152 1685 1230 ἦν
1708 1158 1763 1214 οἶ
1787 1158 1943 1225 παῖς,

333 1247 434 1304 τοῦ
461 1244 552 1302 καὶ
576 1243 847 1321 πρότερον
873 1242 1248 1320 ἐπεμνήσθην,
1272 1242 1346 1303 τοῖ
1374 1246 1479 1319 μὲν
1515 1241 1669 1302 ἄλλα
1696 1241 1946 1319 ἐπιεικής

335 1330 554 1406 ἄφωνος
575 1331 653 1390 δέ.
724 1336 782 1391 ἐν
799 1335 873 1410 τῇ
900 1330 974 1390 ὦν
996 1329 1365 1409 παρελθούσῃ
1393 1329 1614 1390 εὐεστοῖ
1632 1330 1664 1390 ό
1686 1335 1945 1408 Κροῖσος

332 1418 402 1480 »ra
428 1423 540 1479 πᾶν
569 1425 624 1483 ἐς
648 1418 814 1478 αὐτόν
842 1418 1183 1493 ἐπεποιήκεε,
1212 1417 1367 1477 ἄλλα
1404 1443 1469 1478 τε
1501 1419 1943 1496 ἐπιφραζόμενος

338 1508 430 1566 καὶ
457 1506 524 1582 δή
554 1507 644 1565 καὶ
671 1512 726 1569 ἐς
748 1506 1010 1582 Δελφούς
1034 1507 1164 1584 περὶ
1190 1506 1358 1566 αὐτοῦ
1380 1506 1702 1585 ἐπεπόμφεε
1725 1532 1942 1588 χρησο-

336 1595 552 1672 μένους·
593 1593 632 1671 ἤ
658 1595 717 1653 δὲ
742 1595 930 1669 Πυθίη
957 1597 1010 1652 οἱ
1038 1594 1158 1654 εἶπε
1183 1594 1332 1654 τάδε·

433 1719 559 1767 Λυδὲ
590 1718 739 1778 γένος,
779 1718 976 1765 πολλῶν
1008 1720 1231 1779 βασιλεῦ,
1266 1718 1399 1778 μέγα.
1430 1718 1571 1778 νήπιε
1604 1718 1802 1781 Κροῖσε,

431 1791 501 1850 μὴ
533 1793 710 1852 βούλευ
744 1792 1034 1838 πολύευκτον
1069 1792 1144 1849 ἰὴν
1180 1792 1269 1838 ἀνὰ
1303 1790 1481 1848 δώματ’
1517 1792 1702 1839 ἀκούειν

438 1864 605 1911 παιδὸς
638 1864 987 1923 φθεγγομένου.
1057 1864 1116 1911 τὸ
1150 1864 1203 1910 δέ
1235 1879 1311 1910 σοι
1345 1864 1473 1910 πολὺ
1504 1864 1649 1912 λώϊον
1681 1863 1833 1925 ἀμφὶς

436 1936 650 2001 ἔμμεναι·
688 1936 885 1993 αὐδήσει
916 1936 1014 1997 γὰρ
1046 1935 1099 1982 ἐν
1130 1935 1282 1993 ἤματι
1316 1937 1504 1997 πρῶτον
1538 1936 1762 1998 ἀνόλβῳυ

338 2035 716 2113 ἁλισκομένου
737 2035 804 2111 δή
818 2039 924 2108 ,τοῦ
947 2036 1176 2114 τείχεος,
1197 2034 1286 2111 ἤϊε
1304 2035 1415 2116 γοῖρ
1435 2039 1546 2096 τῶν
1568 2061 1653 2099 τις
1673 2037 1941 2112 Περσέων

336 2122 706 2204 ἀλλογνώσας
746 2127 1002 2200 Κροῖσον
1044 2122 1122 2186 ὥς
1154 2123 1511 2194 ἀποκτενέων,
1551 2127 1802 2201 Κροῖσος
1835 2125 1941 2202 μέν

336 2237 435 2288 μιν
479 2210 648 2288 ὁρέων
695 2211 920 2271 ἐπιόντα
961 2210 1073 2271 om?
1119 2216 1223 2289 τῆς
1272 2211 1589 2288 παρεούσης
1639 2217 1941 2289 συμφορῆς

339 2299 743 2377 παρημελήκεε,
766 2299 894 2359 οὐδέ
910 2326 966 2360 τι.
987 2303 1042 2359 οἶ
1061 2299 1281 2376 διέφερε
1299 2299 1573 2381 πληγέντι
1594 2298 1938 2360 άποθανέειν·

338 2386 371 2448 ό
397 2389 456 2447 δὲ
479 2392 610 2451 παῖς
638 2386 795 2451 οὗτος
821 2387 854 2448 ὅ
879 2386 1101 2464 ἄφωνος
1135 2387 1204 2451 ὦς
1245 2387 1355 2446 εἶδε
1391 2387 1618 2448 ἐπιόντα
1650 2387 1753 2448 τᾶν
1793 2388 1939 2464 Πέρ-

339 2502 464 2552 σην,
491 2475 600 2536 ὑπὸ
627 2476 781 2539 δέους
804 2501 866 2535 τε
895 2476 985 2534 καὶ
1023 2479 1195 2534 κακοῦ
1233 2475 1424 2552 ἔρρηξε
1466 2475 1674 2551 φωνὴν,
1705 2474 1825 2534 εἶπε
1859 2475 1939 2534 δέ·

338 2562 652 2640 “ὤνθρωπε,
674 2564 754 2639 μή
783 2566 956 2623 κτεῖνε
978 2562 1284 2641 Κροῖσον.”
1367 2561 1526 2627 οὗτος
1549 2566 1653 2641 μὲν
1681 2562 1748 2639 δή
1773 2567 1940 2623 τοῦτο

339 2655 561 2728 πρῶτον
603 2651 933 2733 ἐφθέγξατο·
975 2652 1118 2728 μετὰ
1152 2651 1211 2711 δὲ
1249 2655 1415 2711 τοῦτο
1449 2650 1558 2727 ἤδη
1600 2650 1805 2727 ἐφώνεε
1843 2651 1941 2711 τόν

248 2738 323 2795 86
341 2738 523 2800 πάντα
544 2739 765 2819 χρόνον
802 2744 903 2815 τῆς
943 2739 1089 2815 ζόης.
1176 2742 1249 2799 Οἱ
1286 2740 1345 2799 δὲ
1385 2741 1611 2815 Πέρσαι
1645 2738 1745 2802 τάς
1775 2765 1837 2799 τε
1872 2738 1940 2816 δή

342 2827 544 2905 Σάρδις
570 2829 758 2908 ἔσχον,
782 2828 874 2887 καὶ
892 2827 1058 2887 αὖτὸν
1078 2831 1334 2904 Κροῖσον
1353 2827 1674 2908 ἐζώγρησαν
1700 2825 1942 2905 ἄρξαντα

341 2917 464 2977 ἔτεα
513 2916 1018 2994 τεσσερεσκαίδεκα
1059 2916 1152 2975 καὶ
1189 2916 1694 2992 τεσσερεσκαίδεκα
1732 2915 1942 2993 ἡμέρας

342 3005 798 3081 πολιορκηθέντα,
816 3003 956 3064 κατσῖ
974 3003 1042 3064 τὸ
1058 3002 1405 3082 χρηστήριόν
1423 3029 1484 3062 τε
1506 3002 1941 3063 καταπαύσαντα

340 3092 444 3168 τήν
484 3096 683 3153 ἑωυτοῦ
723 3091 979 3173 μεγάλην
1018 3091 1220 3169 ἀρχήν·
1262 3090 1541 3167 λαβόντες
1581 3091 1641 3150 δὲ
1681 3090 1849 3150 αὐτόν
1888 3094 1942 3151 οἶ

339 3178 566 3258 Πέρσαι
589 3178 804 3261 ἤγαγον
837 3179 992 3256 παροὶ
1032 3183 1243 3255 Κῦρον·
1285 3177 1319 3238 ό
1352 3178 1410 3237 δὲ
1443 3177 1728 3254 συννήσας
1761 3177 1941 3254 πυρὴν

338 3267 610 3349 μεγάλην,
650 3266 971 3344 ἀνεβίβασε
1010 3264 1095 3325 ἐπ’
1135 3265 1310 3341 αὐτὴν
1346 3264 1448 3326 τὸν
1488 3264 1745 3342 Κροῖσόν
1781 3290 1846 3326 τε
1884 3269 1942 3329 ἐν
