2184 3517
402 138 466 186 84
1020 134 1391 183 ·13P0A0'ro‘r
1936 131 2019 198 [Ι.

392 218 580 292 Κᾶρες
610 217 716 293 μὲν
746 213 1044 295 ἀπιγμένοι
1076 219 1132 276 ἐς
1166 212 1269 289 τὴν
1301 211 1534 290 ἤπειρον
1562 216 1624 272 ἐκ
1653 216 1764 273 τῶν
1795 211 2019 289 νήσων.

391 301 459 363 τὸ
481 301 595 383 γὰρ
630 301 877 363 παλαιόν
912 300 1092 365 ἐόντες
1122 302 1285 361 Μίνω
1307 327 1371 362 τε
1398 300 1661 376 κατήκοοι
1688 300 1782 361 καὶ
1808 301 2017 361 καλεό-

390 415 551 468 μενοι
587 390 847 472 Λέλεγες,
882 388 1036 469 εἶχον
1064 388 1169 453 τοῖς
1199 388 1407 464 νήσους
1444 387 1625 466 φόρον
1663 390 1768 466 μὲν
1809 387 2020 449 οὐδένα

392 477 801 549 ὑποτελέοντες,
836 476 976 539 ὅσον
1005 479 1098 537 καὶ
1125 475 1234 558 ἐγώ
1261 476 1489 540 δυνατός
1516 480 1628 554 εἰμι
1654 476 2019 554 μακρότατον

395 566 677 637 ἐξικέσθαι
712 566 871 645 οἶκοῇ,
910 569 965 625 οἱ
1000 566 1076 635 δὲ,
1116 564 1254 629 ὅκως
1280 564 1694 634 Μίνωςδέοιτο,
1723 564 2019 643 ἐπλήρουν

395 656 449 714 οἶ
486 653 587 718 τοὶς
622 654 765 718 νέας·
823 652 922 714 ἅτε
959 654 1022 713 δὲ
1061 653 1225 713 Μίνω
1264 677 1327 712 τε
1363 652 1858 730 κατεστραμμένου
1895 657 2018 735 γῆν

392 741 621 817 πολλὴν
656 741 749 802 καὶ
781 740 1133 821 εὐτυχέοντος
1167 745 1245 820 τῷ
1275 741 1524 819 πολέμῳ,
1560 740 1628 801 τὸ
1657 739 1912 818 Καρικᾶν
1935 742 2017 819 ἦν

394 830 549 894 ἔθνος
573 829 960 911 λογιμώτατον
994 833 1106 889 τῶν
1132 829 1328 889 ἐθνέων
1356 827 1614 889 ἁπάντων
1640 828 1781 889 κατὰ
1802 832 2017 890 τοῦτον

393 916 512 995 ἅμα
561 916 661 979 τᾶν
711 916 917 997 χρόνον
965 920 1160 997 μακρῷ
1210 915 1484 994 μάλιστα·
1535 917 1643 978 ,καί
1683 922 1798 993 σφι
1841 917 2015 995 τριξὰ

394 1005 738 1085 ἐξευρήματα
778 1005 1012 1088 ἐγένετο,
1065 1009 1221 1066 τοῖσι
1261 1007 1316 1064 οἱ
1345 1003 1628 1082 Ἕλληνες
1666 1002 2011 1084 ἐχρήσαντο·

396 1095 489 1154 καὶ
530 1094 641 1177 γὰρ
689 1094 781 1155 ἐπὶ
825 1093 898 1154 τοὶ
939 1091 1142 1172 κράνεα
1186 1092 1405 1169 λόφους
1451 1093 1772 1153 ἐπιδέεσθαι
1815 1095 2014 1172 Κᾶρές

394 1187 507 1244 εἶσι
532 1185 585 1243 οἶ
611 1182 1017 1253 καταδέξαντες,
1056 1181 1149 1240 καὶ
1176 1180 1266 1240 ἐπὶ
1292 1179 1392 1245 τὰς
1417 1178 1661 1244 ἀσπίδας
1685 1179 1758 1239 τοὶ
1784 1181 2014 1258 σημήῖα

394 1270 703 1340 ποιέεσθαι,
737 1269 830 1330 καὶΙ
868 1269 1047 1348 ὄχανα
1085 1268 1296 1329 ἅσπίσι
1335 1266 1497 1328 οὗτοί
1526 1272 1638 1328 εἰσι
1670 1271 1724 1327 οἳ
1763 1269 2010 1346 ποιησά-

393 1385 552 1437 μενοι
591 1362 818 1434 πρῶτοι·
875 1359 1010 1421 τέως
1061 1357 1123 1417 δὲ
1173 1355 1301 1417 ἄνευ
1353 1354 1569 1436 ὀχάνων
1616 1355 1857 1434 ἐφόρεον
1904 1357 2014 1423 τὰς

393 1446 637 1509 α’σπίδας
667 1444 869 1509 πάντες
901 1446 1060 1522 οἵπερ
1096 1443 1341 1506 ἐώθεσαν
1373 1443 1582 1505 οἷσπίσι
1613 1444 1888 1524 χρέεσθαι
1920 1470 2012 1505 τε·

396 1539 623 1611 λαμῶσι
659 1534 974 1593 σκυτίνοισι
1000 1533 1347 1609 οἰηκίζοντες,
1373 1532 1503 1611 περὶ
1536 1536 1690 1592 τοῖσι
1715 1530 1919 1611 αὐχέσι
1944 1558 2013 1595 τε

395 1623 487 1682 καὶ
512 1624 666 1681 τοῖσι
691 1619 1044 1699 α’ριστεροῖσι
1070 1618 1277 1697 ὤμοισι
1302 1620 1691 1698 περικείμενοι.
1754 1619 1902 1697 μετοὶ
1928 1620 2010 1692 δὲ,

392 1708 524 1774 τούς
563 1711 762 1787 Κᾶρας
799 1708 981 1788 χρόνῳ
1019 1707 1260 1786 ὕστερον
1299 1711 1500 1788 πολλῷ
1540 1708 1777 1785 Δωριέες
1806 1733 1872 1767 τε
1911 1709 2012 1769 καὶ

383 1796 571 1861 Ἴωνες
609 1796 989 1873 ἐξανέστησαν
1029 1800 1091 1855 ἐκ
1121 1800 1232 1856 τῶν
1264 1794 1468 1872 νήσων
1512 1796 1606 1856 καὶ
1638 1794 1780 1857 οὕτω
1813 1800 1870 1859 ἐς
1897 1796 2013 1873 τήν

391 1884 622 1964 ἤπειρον
647 1883 933 1945 α’πίκοντο.
1002 1882 1144 1945 κατὰ
1168 1886 1272 1962 μὲν
1296 1883 1366 1960 δὴ
1394 1887 1591 1963 Κᾶρας
1616 1883 1757 1945 οὕτω
1781 1887 2014 1962 Κρῆτες

393 1973 633 2055 λέγουσι
667 1973 952 2054 γενέσθαι·
993 1972 1058 2032 οὗ
1098 1973 1291 2050 μέντοι
1331 1970 1492 2033 αὐτοί
1516 1998 1587 2055 γε
1621 1971 2011 2052 ὁμολογέουσι

392 2059 646 2122 τούτοισι
691 2063 747 2121 οἱ
789 2063 990 2139 Κᾶρες,
1034 2059 1193 2120 ἀλλὰ
1238 2060 1530 2137 νομίζουσι
1572 2059 1731 2120 αὐτοὶ
1773 2059 2011 2124 ἑωυτούς

395 2148 536 2210 εἶναι
579 2147 923 2228 αὐτόχθονας
964 2147 1295 2226 ἠπειρώτας,
1338 2148 1431 2207 καὶ
1479 2151 1558 2228 τῷ
1611 2146 1881 2225 οὐνόματι
1925 2153 2010 2229 τῷ

393 2236 541 2318 αὐτῷ
572 2236 661 2299 ἀεὶ
695 2237 1131 2318 διαχρεωμένους
1164 2239 1347 2316 τῷπερ
1390 2240 1506 2296 νῦν·
1548 2234 1911 2296 ἀποδεικνῦσι
1943 2237 2010 2296 δὲ

397 2331 473 2386 ἐν.
495 2325 834 2387 Μυλάσοισι
873 2324 1010 2388 Διός
1039 2324 1259 2403 Καρίου
1300 2321 1420 2402 ἶρόν
1450 2322 1704 2402 α’ρχαῖον,
1740 2327 1842 2383 τοῦ
1879 2329 2008 2384 Μυ-

395 2418 558 2476 σοῖσι
613 2416 716 2492 μὲν
768 2414 861 2473 καὶ
912 2413 1152 2474 Λυδοῖσι
1201 2411 1433 2489 μέτεστι
1485 2411 1557 2475 ὥς
1608 2411 2010 2494 κασιγνήτοισι

395 2507 554 2562 ἐοῦσι
578 2506 732 2562 τοῖσι
758 2502 978 2578 Καρσί·
1017 2499 1118 2560 τὸν
1155 2499 1267 2582 γὰρ
1307 2498 1494 2560 Λυδόν
1535 2500 1628 2559 καὶ
1666 2499 1765 2560 τᾶν
1797 2500 2008 2561 Μυσόν

395 2591 634 2671 λέγουσι
679 2589 817 2649 εἶναι
859 2586 1052 2666 Καρός
1096 2586 1423 2665 ἀδελφεούς·
1479 2587 1733 2648 τούτοισι
1775 2589 1881 2664 μὲν
1932 2589 2005 2666 δὴ

394 2677 641 2754 μέτεστι·
683 2675 813 2736 ὅσοι
857 2675 918 2735 δὲ
959 2673 1141 2738 ἐόντες
1181 2674 1366 2735 ἄλλου
1407 2676 1591 2739 ἔθνεος
1629 2674 2008 2758 ὁμόγλωσσοι

304 2768 374 2826 17
434 2768 588 2824 τοῖσι
613 2762 807 2840 Καρσὶ
833 2762 1105 2844 ἐγένοντο,
1141 2761 1397 2823 τούτοισι
1423 2763 1484 2823 δὲ
1511 2762 1575 2824 οὖ
1602 2763 1766 2841 μέτα.
1841 2765 1917 2822 Of.
1943 2764 2006 2823 δὲ

394 2859 630 2914 Καυνιοι
654 2850 1001 2932 αὖτόχθονες,
1033 2850 1242 2912 δοκέειν
1278 2851 1419 2929 ἐμοὶ,
1448 2852 1585 2911 εἶσί·
1626 2850 1786 2912 αὐτοὶ
1808 2851 2006 2928 μέντοι

394 2947 458 3002 ἐκ
484 2941 711 3020 Κρήτης
737 2939 886 3016 φασὶ
913 2938 1070 3000 εἶναιῖ
1101 2938 1611 3018 προσκεχωρήκασι
1638 2939 1698 2998 δὲ
1722 2942 2005 3019 γλῶσσαν

392 3032 499 3107 μὲν
543 3029 682 3108 πρὸς
720 3026 787 3087 vd
836 3025 1086 3105 Καρικὸν
1129 3027 1300 3097 ἔθνος,
1347 3025 1385 3102 ἢ
1429 3029 1484 3087 οἱ
1524 3031 1712 3106 Κᾶρες
1749 3025 1894 3104 πρὸς
1931 3028 2002 3089 τὰ

395 3117 690 3178 Καυνικόν·
744 3119 911 3176 τοῦτο
949 3113 1060 3196 γὰρ
1103 3113 1203 3173 οὐκ
1250 3118 1357 3193 ἔχω
1399 3113 1668 3193 ἀτρεκέως
1707 3114 2001 3190 διακρῖναι·

395 3204 619 3280 νόμοισι
659 3204 718 3263 δὲ
755 3202 1024 3282 χρέωνται
1060 3201 1526 3280 κεχωρισμένοισι
1555 3202 1778 3262 πολλὰν
1804 3206 1916 3263 τῶν
1938 3228 2004 3263 τε

394 3291 585 3353 ἄλλων
618 3288 919 3369 ἀνθρώπων
949 3288 1044 3348 καὶ
1078 3292 1304 3366 Καρῶν.
1368 3292 1524 3349 τοῖσι
1548 3288 1660 3371 γὰρ
1687 3288 2005 3353 κάλλιστόν
