2184 3517
286 124 300 140 ⁸
333 130 398 184 76
945 130 1316 182 ἨΡΟΔΟΤΟΤ
1922 168 1935 182 .

335 207 725 274 κατασκόπους
756 214 867 271 τῶν
896 236 960 271 τε
994 210 1190 287 Κύρου
1219 207 1563 292 πρηγμάτων
1594 208 1688 269 καὶ
1710 207 1938 286 Ἰωνίης·

335 296 663 375 ἀπικόμενοι
698 299 759 359 δὲ
789 296 944 359 οὗτοι
976 303 1030 362 ἐς
1064 297 1341 369 Φώκαιαν,
1371 299 1620 374 ἔπεμπον
1646 302 1702 360 ἐς
1739 296 1939 374 Σάρδις

335 384 529 461 σφέων
569 385 748 447 αὐτῶν
785 384 884 446 τόν
925 386 1318 463 δοκιμώτατον,
1351 389 1428 464 τῷ
1468 384 1679 462 οὔνομα
1717 384 1789 461 ἦν
1825 393 1939 445 Λα·

336 474 539 551 κρίνης,
567 473 874 551 ἀπερέοντα
900 473 1069 554 Κύρῳ
1095 473 1546 551 Λακεδαιμονίων
1570 476 1756 550 ῥῆσιν,
1785 483 1823 509 “
1835 479 1940 557 γῆς

333 565 435 636 τῆς
458 560 737 624 Ἑλλάδος
761 562 1038 638 μηδεμίαν
1061 562 1234 622 πόλιν
1260 560 1638 638 σιναμωρέειν,
1669 560 1741 625 ὥς
1761 561 1940 623 αὐτῶν

242 650 356 708 153
377 647 442 709 οὔ
481 648 953 727 περιοψομένων.”
1018 654 1210 710 Ταῦτα
1251 649 1499 713 εἰπόντος
1543 654 1645 710 τοῦ
1686 649 1936 727 κήρυκος,

334 736 561 818 λέγεται
597 742 788 814 Κῦρον
820 739 1143 815 ἐπείρεσθαι
1165 737 1296 802 τούς
1318 737 1628 816 παρεόντας
1653 740 1708 798 οἱ
1731 738 1939 816 Ἑλλή-

334 849 442 884 νων
467 834 502 860 “
517 825 659 888 τίνες
685 825 864 889 ἐόντες
901 825 1184 904 ἅνθρωποι
1209 824 1637 903 Λακεδαιμόνιοι
1657 827 1750 885 καὶ
1778 826 1940 888 κόσοι

333 913 570 988 πλῆθος,
585 917 762 974 ταῦτα
787 917 965 994 ἑωυτῷ
988 913 1436 996 προαγορεύουσι
1445 913 1492 984 ;”
1525 913 1940 992 πυνθανόμενον

334 999 398 1059 δέ
419 1026 516 1077 μιν
543 1004 715 1062 εἰπεῖν
739 1001 879 1081 πρός
903 1002 1003 1063 τόν
1030 1001 1242 1080 κήρυκα
1265 1002 1365 1063 τᾶν
1393 1001 1769 1081 Σπαρτιήτην·
1798 1004 1939 1065 “ofin

335 1087 524 1148 ἔδεισά
544 1114 621 1148 κω
641 1087 842 1168 ἀνδρας
864 1090 1167 1161 τοιούτους,
1183 1094 1337 1150 τοῖσι
1359 1090 1484 1150 ἐστὶ
1500 1094 1685 1170 χῶρος
1709 1096 1770 1151 ἐν
1787 1092 1939 1171 μέσῃ

330 1180 403 1255 τῇ
427 1175 594 1237 πόλει
620 1177 1073 1259 ἀποδεδεγμένος,
1104 1183 1158 1242 ἐς
1187 1177 1286 1239 τόν
1312 1177 1726 1260 συλλεγόμενοι
1761 1180 1939 1257 ἀλλή-

334 1266 471 1328 λους
496 1263 761 1341 ὄμοῦντες
790 1266 1132 1335 ἐξαπατῶσι·
1173 1269 1344 1339 τοῖσι,
1371 1265 1443 1344 ἢν
1469 1267 1578 1349 ἐγῶ
1602 1266 1846 1349 ὖγιαίνω,
1874 1268 1937 1328 οὖ

332 1351 407 1410 τὰ
434 1351 631 1414 Ἰώνων
665 1352 850 1414 πάθεα
891 1355 1052 1414 ἔσται
1091 1356 1362 1434 ἔλλεσχα,
1399 1354 1556 1415 ἀλλά
1592 1355 1665 1415 τὰ
1704 1355 1937 1432 οἷκήῖα.”

331 1444 510 1500 ταῦτα
549 1444 606 1504 ἐς
641 1439 774 1504 τούς
811 1440 1023 1507 πάντας
1051 1441 1341 1520 Ἕλληνας
1375 1442 1649 1523 ἀπέρριψε
1688 1444 1721 1505 ὁ
1753 1449 1938 1522 Κῦρος

332 1525 407 1586 τοὶ
447 1528 597 1599 ἔπεα,
631 1527 720 1589 ὅτι
759 1528 969 1612 ἀγορᾶς
1002 1530 1343 1609 κτησάμενοι
1380 1530 1494 1611 ὠνῇ
1518 1557 1581 1592 τε
1607 1532 1700 1591 καὶ
1730 1533 1938 1611 πρήσει

331 1615 621 1692 χρέωνται·
649 1615 809 1678 αὐτοὶ
826 1618 938 1701 γὰρ
967 1622 1021 1679 οῗ.
1046 1620 1274 1697 Πέρσαι
1291 1619 1536 1701 ἀγορῇσι
1558 1619 1714 1680 οὐδὲν
1730 1620 1938 1682 ἐώθασι

331 1706 601 1780 χρῆσθαι,
645 1705 775 1766 οὐδέ
812 1708 930 1783 σφί
963 1712 1088 1769 ἐστι
1122 1707 1189 1768 τὰ
1223 1706 1491 1786 παράπαν
1531 1706 1730 1790 ἀγορή.
1796 1710 1937 1786 μετοὶ

331 1796 510 1853 ταῦτα
537 1794 836 1872 ἐπιτρέψας
860 1794 963 1859 τὰς
987 1798 1091 1873 μὲν
1109 1794 1313 1872 Σάρδις
1337 1795 1589 1875 Ταβάλῳ
1614 1795 1772 1874 ἀνδρὶ
1794 1798 1938 1876 Πέρσ

334 1904 430 1959 σῃ,
448 1881 546 1942 τόν
573 1883 633 1941 δὲ
656 1883 872 1962 χρυσόν
896 1882 997 1943 τόν
1010 1910 1073 1943 τε
1101 1886 1357 1962 Κροίσου
1384 1885 1478 1944 καὶ
1501 1884 1604 1945 τόν
1621 1889 1732 1946 τῷν
1747 1885 1937 1946 ἄλλων

332 1969 530 2028 Λυδῶν
549 1969 784 2049 Πακτύῃ
811 1969 969 2048 ἀνδρὶ
991 1972 1157 2051 Λυδῷ
1183 1973 1441 2049 κομίζειν,
1459 1972 1749 2049 ἀπήλαυνε
1775 1973 1937 2037 αὖτός
2001 1967 2014 1978 ⁷

336 2059 393 2119 ἐς
415 2054 764 2137 Ἀγβάτανα,
783 2058 1035 2135 Κροῖσόν
1049 2086 1113 2119 τε
1132 2059 1249 2137 ἅμα
1270 2059 1545 2142 ἀγόμενος
1565 2061 1658 2120 καὶ
1673 2060 1804 2125 τούς
1816 2060 1935 2121 Ἴω-

334 2169 433 2206 νας
453 2149 512 2204 ἐν
527 2144 705 2205 οὐδενὶ
719 2145 872 2227 λόγῳ
887 2148 1268 2225 ποιησάμενος
1283 2148 1387 2224 τὴν
1401 2148 1627 2225 πρώτην
1641 2147 1798 2210 εἶναι·
1824 2149 1863 2226 ἦ
1875 2175 1936 2210 τε

332 2231 445 2312 γάρ
473 2232 756 2311 Βαβυλών
783 2238 836 2294 οἱ
859 2233 930 2310 ἦν
956 2235 1233 2312 ἐμπόδιος,
1265 2237 1357 2295 καὶ
1375 2235 1441 2296 τὰ
1462 2235 1740 2313 Βάκτριον
1766 2238 1933 2306 ἔθνος,

336 2320 430 2380 καὶ
446 2320 624 2385 Σάκαι
638 2345 701 2382 τε
722 2323 815 2382 καὶ
830 2322 1148 2403 Αἰγύπτιοι·
1167 2323 1251 2382 ἐπ’
1269 2323 1364 2386 οὓς
1384 2324 1600 2403 ἐπείχεε
1620 2329 1937 2402 στρατηλα-

333 2408 476 2469 τέειν
502 2408 681 2480 αύτός,
712 2411 805 2470 ἐπὶ
832 2412 892 2470 δὲ
907 2410 1103 2473 Ἴωνας
1128 2409 1310 2471 ἄλλον
1333 2411 1573 2488 πέμπειν
1598 2413 1934 2494 στρατηγόν.

243 2495 360 2554 154
456 2497 554 2562 Ὡς
593 2497 654 2557 δὲ
693 2497 961 2574 ἀπήλασε
993 2498 1025 2558 ὁ
1058 2502 1249 2576 Κῦρος
1286 2503 1346 2558 ἐκ
1377 2502 1487 2559 τῷν
1519 2499 1783 2577 Σαρδίων,
1810 2499 1937 2563 τούς

336 2584 552 2648 Λυδούς
591 2584 882 2661 ἀπέστησε
913 2585 950 2645 0‘
987 2584 1253 2662 Πακτύης
1289 2585 1403 2646 ἀπό
1437 2611 1501 2647 τε
1533 2586 1810 2664 Ταβάλου
1845 2587 1937 2647 καὶ

338 2672 551 2751 Κύρου·
595 2672 848 2750 καταβάς
883 2674 944 2733 δὲ
976 2674 1068 2734 ἐπὶ
1106 2673 1428 2745 θάλασσαν,
1463 2673 1562 2734 ἅτε
1597 2674 1697 2735 τὸν
1721 2674 1939 2754 χρυσὸν

338 2762 476 2840 ἔχων
501 2758 684 2820 πάντα
717 2759 816 2821 τόν
842 2765 903 2821 ἐκ
936 2766 1048 2822 τῶν
1078 2762 1342 2840 Σαρδίων,
1372 2761 1692 2841 ἐπικούρους
1728 2788 1790 2823 τε
1823 2768 1937 2840 ἐμι-

338 2849 549 2909 σθοῦτο
590 2848 682 2906 καὶ
721 2847 851 2912 τοῦς
891 2850 1336 2914 ἐπιθαλασσίους
1388 2849 1711 2927 ἀνθρώπους
1755 2850 1938 2911 ἔπειθε

342 2936 451 2997 σὺν
476 2940 654 3017 ἑωυτῷ
684 2937 1111 3015 στρατεύεσθαι·
1155 2934 1367 3001 ἐλάσας
1399 2938 1459 2997 δὲ
1493 2938 1585 2996 ε’πὶ
1608 2937 1710 3001 τὰς
1737 2936 1939 3016 Σάρδις

340 3023 663 3101 ἐπολιόρκεε
700 3024 974 3102 Τάβαλον
1014 3024 1364 3106 ἀπεργμένον
1403 3030 1464 3086 ἐν
1500 3029 1574 3104 τῇ
1612 3025 1938 3102 ἀκροπόλει.

250 3110 363 3170 155
381 3110 708 3187 Πυθόμενος
742 3112 803 3172 δὲ
834 3111 952 3172 κατ’
986 3110 1118 3172 ὄδὸν
1151 3116 1327 3172 ταῦτα
1358 3112 1390 3173 ὁ
1423 3118 1626 3192 Κῦρος,
1657 3113 1778 3173 εἷπε
1802 3114 1941 3192 πρός

343 3199 597 3271 Κροῖσον
640 3196 795 3258 τάδε·
857 3208 893 3234 “
910 3203 1146 3276 Κροῖσε,
1187 3201 1250 3259 τί
1296 3200 1458 3259 ἔσται
1500 3200 1567 3260 τό
1617 3201 1786 3265 τέλος
1829 3206 1942 3263 τῶν

339 3282 641 3358 γινομένων
675 3283 885 3346 τούτων
934 3287 1065 3362 ἐμοί
1076 3309 1094 3354 3
1153 3284 1221 3346 οὗ
1262 3284 1577 3350 παύσονται
1624 3288 1817 3363 Λυδοὶ,
1869 3311 1944 3354 ως
