2184 3517
227 107 513 172 162-166]
866 115 871 120 ·
924 110 1151 161 KAEm.
1766 112 1826 157 81

224 187 367 247 σθαι
390 186 604 265 ἤμέρην
628 190 779 266 μίαν,
807 189 900 248 καὶ
926 189 1113 248 ἔπειτα
1136 188 1584 266 ὑποκρινέεσθαι·
1623 195 1683 249 ἐν
1707 187 1750 269 ᾧ
1773 189 1834 249 δὲ

225 274 605 350 βουλεύονται
635 275 810 347 ain-02,
845 276 1159 357 ἀπαγαγεῖν
1196 280 1402 337 ἐκεῖνον
1444 277 1698 337 ἐκέλευον
1727 276 1830 352 τὴν

226 362 502 439 στρατιὴν
525 361 640 422 οἷπό
665 367 767 423 τοῦ
790 363 1051 443 τείχεος.”
1122 362 1154 423 o‘
1182 363 1229 423 δ’
1245 363 1537 446 “Αρπαγος
1563 365 1672 441 ἔφη
1709 374 1745 401 “
1761 369 1833 425 εἰ·

226 449 382 510 δέναι
402 452 508 527 μὲν
534 449 593 510 εὖ
619 450 691 511 τοὶ
717 455 914 512 ἐκεῖνοι
938 452 1209 528 μέλλοιεν
1233 452 1456 523 ποιέειν,
1474 451 1621 528 ὅμως
1641 451 1704 512 δέ
1720 458 1833 529 σφι

224 539 486 615 παριέναι
520 536 1002 615 βουλεύσασθαι.”
1071 544 1130 599 ἐν
1162 537 1205 617 ᾧ
1236 539 1311 599 ὧν
1342 539 1374 600 ὁ
1395 539 1687 621 Αρπαγος
1718 539 1832 602 ἆπὸ

223 630 328 687 τοῦ
368 628 582 706 τείχεος
615 625 875 736 ἀπήγαγε
912 625 1017 702 τήν
1056 651 1344 704 στρατιην,
1383 630 1437 687 οἱ
1475 628 1744 691 Φωκαιέες
1775 633 1833 690 ἐν

225 715 406 795 τούτω
433 714 896 779 κατασπάσαντες
919 715 1019 778 τοὶς
1042 716 1513 793 πεντεκοντέρους,
1543 717 1833 794 ἐσθέμενοι

225 803 395 863 τέκνα
435 804 527 863 καὶ
563 808 828 886 γυναῖκας
867 804 960 864 καὶ
996 804 1209 863 ἔπιπλα
1239 803 1438 876 πάντα,
1471 805 1614 883 πρὸς
1647 806 1707 865 δὲ
1740 806 1833 866 καὶ

224 891 300 952 τοὶ
341 891 646 973 ἀγάλματα
675 892 748 953 τὰ
784 896 845 952 ἐκ
874 890 985 953 τῶν
1017 895 1164 968 ἱρῶν,
1203 893 1296 951 καὶ
1325 892 1398 952 τοὶ
1430 891 1586 952 ἄλλα
1627 892 1831 970 ὸῖναθή-

224 1005 401 1056 ματα,
425 981 592 1060 χωρὶς
627 979 660 1040 ὅ
689 1006 747 1041 τι
779 978 994 1061 χαλκὸς
1018 977 1055 1055 ἢ
1081 980 1243 1044 λίθος
1268 977 1305 1056 ἢ
1328 979 1524 1061 γραφὴ
1557 979 1645 1057 ἦν,
1671 980 1744 1043 τοὶ
1770 982 1830 1041 δὲ

224 1065 388 1127 ἄλλα
416 1067 599 1129 πάντα
625 1067 880 1132 ἐσθέντες
905 1068 998 1127 καὶ
1024 1066 1184 1127 αὐτοὶ
1211 1067 1487 1144 ἐσβάντες
1513 1070 1712 1128 ἔπλεον
1739 1069 1831 1128 ἐπὶ

224 1156 394 1215 Χίου·
433 1155 539 1233 τήν
563 1157 624 1217 δὲ
647 1156 903 1232 Φωκαίην
928 1157 1312 1233 ἐρημωθεῖσαν
1338 1154 1550 1228 ἀνδρῶν
1577 1156 1749 1234 ἔσχον
1778 1160 1832 1215 οἶ

224 1244 475 1320 Πέρσαι.
544 1248 618 1305 Οἱ
642 1244 702 1304 δὲ
725 1243 1013 1314 Φωκαιέες,
1041 1244 1169 1302 ἐπεί
1187 1268 1250 1303 τε
1276 1248 1389 1318 σφι
1413 1242 1548 1302 Χίοι
1573 1242 1672 1306 τσῖς
1698 1242 1790 1319 νή·-
1809 1244 1925 1306 165

223 1359 368 1396 σους
389 1332 493 1396 τοῖς
520 1332 840 1397 Οἰνούσσας
865 1332 1208 1409 καλεομένας
1222 1331 1322 1391 οὖκ
1343 1330 1652 1409 ἐβούλοντο
1674 1330 1831 1392 ὠνεο-

221 1421 452 1498 μένοισι
489 1421 741 1493 πωλέειν,
784 1421 1153 1497 δειμαίνοντες
1191 1419 1273 1498 μή
1315 1423 1374 1479 αἱ
1415 1421 1519 1497 μὲν
1567 1419 1832 1498 ἐμπόρων

221 1510 492 1590 γένωνται
510 1508 549 1586 ἦ
569 1509 629 1570 δὲ
648 1508 827 1569 αὐτῶν
844 1511 1021 1584 νῆσος
1035 1507 1398 1587 ἅποκληῖσθῇ
1416 1506 1617 1568 τούτου
1634 1508 1829 1580 εἵνεκα,

219 1597 370 1675 πρός
405 1602 583 1658 ταῦτα
623 1601 677 1657 οἱ
708 1596 979 1659 Φωκαιέες
1014 1596 1357 1657 ἐστέλλοντο
1386 1600 1441 1659 ἐς
1466 1593 1706 1674 Κύρνον·
1746 1597 1832 1679 (ἐν

219 1685 334 1766 γὰρ
373 1690 447 1764 τῇ
478 1682 675 1766 Κύρνῳ
702 1685 881 1744 εἴκοσι
917 1684 1065 1744 ἔτεσι
1089 1681 1363 1762 πρότερον
1387 1681 1595 1744 τούτων
1623 1688 1683 1742 ἐκ
1712 1684 1831 1743 θεο-

217 1775 470 1852 προπίου
495 1773 883 1850 ἅνεστήσαπο
913 1772 1101 1843 πόλιν,
1128 1775 1202 1850 τῇ
1239 1769 1450 1848 οὕνομα
1472 1770 1543 1848 ἦν
1566 1770 1830 1848 Ἀλαλίη·

216 1862 631 1944 Ἀργανθώνιος
655 1862 716 1923 δὲ
731 1864 1038 1938 τηνικαῦτα
1062 1859 1171 1937 ἤδη
1195 1858 1634 1941 τετελευτήκεε·)
1661 1864 1827 1920 στελ-

216 1951 458 2029 λόμενοι
492 1951 552 2011 δὲ
582 1950 675 2011 ἐπὶ
706 1949 812 2027 τὴν
844 1948 1082 2026 Κύρνον,
1117 1951 1312 2026 πρῶτα
1345 1946 1831 2011 καταπλεύσαντες

217 2043 277 2102 ἐς
327 2038 437 2116 τήν
484 2040 739 2115 Φωκαίην
786 2036 1204 2113 κατεφόνευσαν
1246 2040 1357 2098 τῶν
1410 2035 1678 2114 Περσέων
1726 2034 1831 2111 τήν

215 2125 504 2204 φυλακὴν,
534 2126 573 2204 ἢ
602 2125 872 2205 ,ἐφρούρεε
901 2124 1325 2202 παραδεξαμένη
1359 2123 1514 2201 παρὰ
1541 2121 1829 2204 Ἁρπάγου

212 2215 325 2292 τήν
349 2216 541 2275 πόλιν·
578 2214 722 2293 μετοὶ
758 2214 835 2284 δὲ,
865 2213 935 2277 ὦς
957 2211 1127 2283 τοῦτό
1154 2218 1267 2288 σφι
1292 2212 1615 2292 ἐξέργαστο,
1645 2210 1830 2286 ἐποιή-

213 2329 401 2364 σαντο
455 2302 691 2383 ἷσχυρσῖς
742 2301 985 2379 κατάρας
1031 2304 1111 2380 τῷ
1154 2298 1576 2377 ὑπολειπομένῳ
1620 2301 1830 2359 ἑωυτῶν

212 2396 323 2453 τοῦ
366 2390 598 2452 στόλου·
638 2390 781 2470 πρός
820 2389 880 2450 δὲ
907 2388 1164 2469 ταύτῃσι,
1202 2387 1295 2447 καὶ
1326 2385 1538 2465 μύδρον
1570 2384 1830 2463 σιδήρεον

213 2479 652 2541 κατεπόντωσαν
706 2479 799 2539 καὶ
850 2477 1080 2555 ὤμοσαν
1129 2486 1165 2513 “
1179 2475 1260 2553 μή
1304 2475 1436 2553 πρὶν
1479 2479 1534 2537 ἐς
1575 2474 1829 2550 Φωκαίην

210 2568 389 2644 ἥξειν,
432 2567 564 2646 πρὶν
597 2565 635 2644 ἢ
669 2565 772 2629 τὸν
805 2566 1014 2644 μύδρον
1046 2568 1247 2625 τοῦτον
1286 2560 1621 2642 ἆναφῇναι·”
1660 2566 1825 2621 στελ-

211 2658 472 2733 λομένων
497 2656 558 2717 δὲ
583 2655 760 2716 αὐτῶν
787 2655 880 2715 ἐπὶ
903 2653 1005 2731 τὴν
1025 2651 1261 2731 Κύρνον,
1289 2652 1427 2729 ὑπὲρ
1455 2650 1695 2729 ἡμίσεας
1717 2654 1827 2711 τῶν

213 2744 411 2806 α’,στῶν
436 2745 614 2822 ἔλαβε
637 2743 812 2808 πόθος
836 2768 899 2803 τε
926 2742 1018 2801 καὶ
1043 2741 1226 2805 οἶκτος
1249 2745 1351 2817 τῆς
1374 2738 1574 2804 πόλιος
1601 2740 1693 2799 καὶ
1717 2744 1828 2799 τῶν

209 2832 399 2910 ἠθέων
421 2837 526 2910 τῆς
546 2831 747 2911 χώρης·
784 2828 1103 2909 ψευδόρκιοι
1128 2828 1189 2888 δὲ
1212 2827 1515 2910 γενόμενοι,
1542 2827 1827 2888 α’πέπλεον

211 2921 406 2983 ὀπίσω
437 2926 494 2985 ἐς
524 2920 629 2997 τὴν
653 2920 925 2995 Φωκαίην·
968 2917 1022 2977 οἳ
1055 2918 1117 2977 δὲ
1156 2916 1335 2977 αὐτῶν
1370 2916 1437 2976 τό
1471 2914 1659 2994 ὅρκιον
1695 2914 1824 2990 ἐφύ-

210 3014 464 3080 λασσον,
480 3007 811 3087 οἷερθέντες’
785 3033 846 3066 εκ
864 3032 974 3066 των
992 3006 1350 3065 Οἰνουσσέων
1369 3004 1588 3063 ἔπλεον.
1627 3001 1791 3060 Ἐπεί
1807 3003 1834 3059 1

209 3124 276 3158 τε
303 3099 420 3158 δὲ’
393 3124 450 3162 ες
473 3122 577 3173 την
603 3094 825 3174 Κύρνον
850 3093 1135 3162 απίκοντο,
1163 3092 1343 3150 οικεον
1369 3093 1524 3167 κοινῇ
1549 3113 1693 3165 μετα
1716 3092 1827 3148 τῶν

209 3185 491 3264 πρότερον
523 3183 870 3260 ἀπικομένων
902 3180 985 3240 ἐπ’
1012 3180 1136 3238 ἔτεα
1166 3178 1330 3237 πέντε
1367 3177 1460 3235 καὶ
1496 3174 1589 3252 ἶρα
1625 3172 1827 3251 ἐνιδρύ-

207 3299 415 3336 σαντο·
459 3273 553 3334 καὶ
579 3296 718 3353 αγον
741 3294 852 3351 γαρ
880 3267 949 3344 δὴ
986 3267 1079 3327 καὶ
1115 3265 1317 3344 ἔφερον
1354 3288 1484 3328 τους
1517 3262 1827 3340 περιοίκους
