2184 3517
335 124 433 173 218
932 122 1301 172 ΗΡΟΔΟΤΟΤ
1801 121 1938 188 [III.

335 191 519 262 πάντα
562 181 757 282 ἡλικίῃ
805 201 898 261 καὶ
950 201 1107 281 θυμῷ
1155 200 1432 278 ἐπίτρεπε,
1479 198 1613 260 ἀλλ’
1660 201 1796 281 ἴσχε
1847 202 1945 262 καὶ

335 287 742 367 καταλάμβανε
781 287 1045 349 σεωυτόν.
1129 286 1344 368 ἀγαθόν
1380 313 1454 358 τι,
1494 287 1742 365 πρόνοον
1782 287 1943 350 εἶναι·

336 376 528 453 σοφόν
567 377 628 437 δὲ
665 377 704 453 ἦ
735 377 1041 454 προμηθίη.
1110 402 1187 436 συ
1225 375 1288 435 δὲ
1326 376 1553 439 κτείνεις
1590 379 1698 452 μὲν
1737 375 1943 454 ἄνδρας

337 469 583 525 σεωυτοῦ
608 465 898 540 πολιήτας,
926 463 1010 523 ἐπ’
1038 463 1269 543 οὐδεμιῇ
1296 464 1447 543 αἰτίῃ
1472 462 1749 544 ἀξιόχρεῳ
1782 465 1944 526 ἑλών·

338 553 563 616 κτείνεις
588 552 649 612 δὲ
673 552 893 616 παῖδας.
953 549 1025 627 ἢν
1043 551 1106 611 δὲ
1129 550 1325 611 πολλὰ
1349 554 1584 611 τοιαῦτα
1608 553 1820 631 ποιέῃς,
1840 550 1946 628 ὅρα

338 639 476 704 ὅκως
506 639 589 717 μή
614 666 718 700 σευ
743 638 1174 716 ἀποστήσονται
1204 639 1448 715 Πέρσαι.
1518 639 1645 714 ἐμοὶ
1670 639 1732 699 δὲ
1756 640 1945 716 πατὴρ

338 726 442 789 σός
474 731 661 804 Κῦρος
687 727 1009 787 ἐνετέλλετο
1034 725 1233 787 πολλοὶ
1260 725 1499 787 κελεύων
1522 729 1595 785 σὲ
1619 727 1943 797 νουθετέειν,

341 814 433 873 καὶ
457 813 826 875 ὑποτίθεσθαι
853 813 885 874 ὅ
910 839 967 874 τι
992 812 1063 875 ἂν
1091 814 1327 892 εύρίσκω
1353 812 1620 896 αἷγαθόν.”
1685 814 1720 874 ὅ
1743 817 1852 890 μὲν
1874 814 1944 891 δὴ

342 900 561 962 εὔνοιαν
588 903 802 979 φαίνων
827 902 1210 978 συνεβούλευέ
1234 905 1289 961 οἳ
1310 906 1505 962 ταῦτα·
1546 901 1580 962 ὅ
1608 900 1655 961 δ’
1674 900 1946 979 ἀμείβετο

338 989 552 1051 τοῖσδε·
581 1000 618 1027 “
634 990 709 1050 σῦ
737 991 830 1050 καὶ
851 990 975 1068 ἐμοὶ
999 992 1220 1069 τολμᾷς
1238 989 1668 1066 συμβουλεύειν,
1686 989 1748 1054 ὃς
1765 1015 1946 1070 χρησ-

346 1082 454 1141 τῶς
472 1081 594 1154 -μὲν
627 1077 732 1155 τὴν
764 1081 1008 1139 σεωυτοῦ
1043 1077 1287 1155 πατρίδα
1324 1076 1751 1155 ἐπετρόπευσας,
1786 1077 1849 1139 εῦ
1887 1079 1947 1137 δὲ

341 1169 420 1245 τῷ
463 1166 637 1243 πατρὶ
681 1170 759 1245 τῷ
804 1170 917 1244 ἐμῷ
962 1164 1438 1241 συνεβούλευσας,
1486 1164 1726 1226 κελεύων
1777 1164 1948 1228 αὐτόν

341 1250 586 1331 Ἀράξεα
623 1254 880 1331 ποταμὸν
916 1252 1193 1331 διαβάντα
1235 1252 1373 1312 ἴέναι
1408 1254 1501 1313 ἐπὶ
1535 1254 1946 1336 Μασσαγέτας,

342 1341 707 1417 βουλομένων
727 1341 952 1403 ἐκείνων
976 1340 1287 1418 διαβαίνειν
1306 1344 1364 1405 ἐς
1386 1339 1493 1416 τὴν
1508 1340 1823 1418 ἦμετέρηνς
1855 1342 1950 1403 καὶ

345 1426 458 1487 οἷπό
476 1431 582 1504 μὲν
601 1427 849 1489 σεωυτόν
863 1426 1082 1492 ὤλεσας
1097 1432 1200 1505 τῆς
1219 1432 1468 1489 σεωυτοῦ
1485 1429 1752 1505 πατρίδος
1772 1433 1950 1493 κακῶς

343 1514 617 1592 προστάς·
671 1515 786 1576 ‹in-<3
835 1516 897 1574 δὲ
938 1514 1159 1580 ὤλεσας
1202 1519 1409 1593 Κῦρον,
1450 1515 1785 1593 πειθόμενόν
1830 1529 1958 1578 σοι·

346 1601 478 1662 ἀλλ’
506 1601 571 1662 οῦ
596 1629 654 1663 τι
678 1604 905 1682 χαίρων·
946 1604 1073 1663 ἐπεί
1097 1629 1189 1664 τοι
1216 1604 1310 1663 καὶ
1341 1603 1523 1663 πάλαι
1550 1610 1606 1668 ἐς
1630 1607 1701 1664 σὲ
1726 1604 1951 1682 προφά-

345 1691 472 1755 σιός
520 1717 615 1751 τευ
669 1690 899 1767 ἐδεόμην
953 1691 1390 1770 ἐπιλαβέσθαιμ
1449 1696 1628 1753 ταῦτα
1678 1692 1741 1752 δὲ
1793 1694 1952 1759 εἴπας

348 1780 638 1865 ἐλάμβανε
663 1805 728 1839 το
713 1778 978 1848 τόξον
935 1806 1008 1843 ως
1034 1776 1455 1850 κατατοξεύσων
1475 1779 1661 1842 αὐτόν·
1696 1785 1952 1858 Κροῖσος

349 1859 409 1927 δε
445 1867 771 1944 ἅναδραμων
806 1867 923 1927 ἔθεε
957 1868 1076 1938 ἔξω·
1119 1868 1152 1927 ὁ
1184 1867 1322 1939 δε,’
1294 1869 1420 1928 επεί
1449 1894 1514 1928 τε
1542 1867 1817 1939 τοξεῦσαι
1852 1869 1952 1930 οῦκ

349 1955 482 2035 εἶχε,
513 1955 823 2015 ἐνετείλατο
847 1958 1004 2015 τοῖσι
1030 1954 1343 2032 θεράπουσι
1368 1955 1660 2033 λαβόντας
1681 1981 1783 2034 μιν
1813 1956 1952 2016 ἄπο-

352 2045 577 2104 κτεῖναι·
632 2046 687 2103 οἱ
726 2043 787 2102 δὲ
827 2042 1161 2120 θεράποντες
1201 2042 1563 2120 ἐπιστάμενοι
1600 2042 1705 2104 τᾶν
1738 2043 1954 2120 τρόπον

349 2129 538 2201 αὑτοῦ,
587 2130 1040 2209 κατακρύπτουσι
1090 2130 1192 2191 τὰν
1245 2134 1503 2208 Κροῖσον
1548 2132 1641 2191 ἐπὶ
1691 2131 1833 2211 τῷδε
1874 2134 1954 2211 τῷ

348 2217 520 2301 λόγῳ,
564 2218 709 2292 ὥστε
751 2222 800 2279 εἰ
836 2221 941 2297 μὲν
977 2217 1364 2297 μεταμελήσει
1407 2225 1486 2298 τῷ
1519 2218 1820 2298 Καμβύσῃ
1861 2220 1954 2279 καὶ

353 2307 677 2384 ἐπιζητήσει
720 2306 821 2368 τὸν
869 2309 1140 2384 Κροῖσον,
1190 2309 1246 2366 οἱ
1290 2305 1352 2365 δὲ
1401 2306 1740 2385 ἐκφήναντες
1783 2304 1955 2367 αὖτόν

354 2394 505 2472 δῶρα
536 2394 860 2473 λάμψονται
895 2393 1139 2475 ζωάγρια
1174 2395 1451 2471 Κροίσου·
1490 2392 1562 2470 ἢν
1586 2393 1648 2453 δὲ
1681 2394 1762 2471 μή
1787 2418 1954 2472 μετα-

352 2487 595 2559 μελῆται
620 2484 763 2560 μηδὲ
786 2483 939 2561 ποθῇ
964 2507 1080 2558 μιν,
1105 2480 1237 2542 τότε
1263 2481 1675 2560 καταχρῆσθαι·
1707 2481 1960 2558 ἐπόθησέ

354 2595 417 2629 τε
443 2570 573 2646 δη“
539 2597 572 2630 ο
600 2569 929 2648 Καμβύσης
951 2594 1050 2630 τον
1071 2571 1331 2648 Κροῖσον
1349 2567 1414 2628 οῦ
1440 2573 1643 2628 πολλῶ
1660 2569 1959 2647 μετέπειτα

276 2679 281 2684 ·
356 2656 539 2735 χρόνω
572 2657 826 2735 ὕστερον,
864 2658 958 2718 καὶ
999 2659 1054 2717 οἱ
1089 2657 1424 2735 θεράποντες
1463 2656 1735 2733 μαθόντες
1769 2659 1958 2732 τοῦτο,

357 2741 715 2824 ἐπήγγελλον
741 2744 887 2823 αυτῷ
913 2770 985 2807 ως
1009 2748 1246 2821 περιείη·
1287 2742 1615 2821 Καμβύσης
1639 2743 1701 2803 δὲ
1725 2744 1962 2823 Κροίσω

357 2832 462 2906 μὲν
487 2830 831 2938 συνήδεσθαι
867 2832 979 2908 ἔφη
1003 2830 1302 2909 περιεόντι·
1345 2831 1583 2895 ἐκείνους
1610 2831 1802 2909 μέντοι
1829 2856 1963 2896 τους

358 2918 842 3030 περιποιήσαντας
848 2944 914 2978 ου
895 2919 1428 2998 ’καταπροΐξεσθαα
1445 2916 1579 2978 ἀλλ’
1593 2919 1962 2981 ἀποκτενέειν·

362 3006 454 3063 καὶ
481 3005 714 3079 ἐποίησε
737 3009 933 3065 ταῦτα.

272 3091 345 3151 37
443 3091 514 3150 O
546 3093 651 3169 μὲν
675 3091 743 3168 δη
769 3098 1001 3154 τοιαῦτα
1029 3094 1288 3154 πολλα’
1262 3120 1317 3158 ες
1349 3094 1582 3172 Πέρσας
1609 3119 1675 3155 τε
1713 3095 1806 3156 καὶ
1835 3093 1974 3159 τοῦς

365 3177 690 3256 ξυμμάχους
715 3180 1045 3262 ἐξεμαίνετο,
1068 3181 1249 3258 μένων
1277 3187 1337 3242 ἐν
1353 3183 1564 3260 Μέμφι
1589 3183 1684 3243 καὶ
1710 3181 1885 3258 θήκας
1907 3207 1973 3243 τε

364 3265 612 3329 παλαιὰς
643 3265 879 3350 ἀνοίγων
919 3270 1012 3329 καὶ
1046 3269 1429 3346 σκεπτόμενος
1460 3270 1594 3333 τοῦς
1627 3270 1874 3343 νεκρούς·
1917 3275 1988 3335 ie·
