2184 3517
276 105 365 166 31,
391 101 479 169 32]
990 103 1218 154 mmo.
1832 106 1894 154 ιι

273 182 315 244 ὅ
347 183 409 243 δὲ
445 181 587 242 εἶπε·
604 158 718 241 ’(’ῶ
741 185 976 260 Κροῖσε,
1003 182 1375 260 ἐπιστάμενόν
1402 208 1477 261 με
1505 181 1574 244 vd
1608 184 1759 244 θεῖον
1780 187 1895 246 πᾶν

273 268 372 332 {av
386 268 668 348 φθονερόν
679 295 745 330 τε
762 295 855 329 κω.
834 269 1247 349 ταραχῶδες,’
1219 275 1516 349 επειρωτρῖς
1534 269 1892 350 ἅνθρωπηιων

269 357 620 439 πρηγμάτων
643 358 796 435 πέρι;
834 363 892 417 ἐν
915 357 1026 438 γσῖρ
1049 361 1129 436 τῶ
1151 362 1346 437 μακρῶ
1368 357 1550 437 χρόνῳ
1568 357 1763 417 πολλοὶ
1785 359 1893 435 μέν

273 451 402 506 ἐστι
440 446 603 506 ἰδέειν
631 471 706 506 τα
732 445 816 523 μή
845 471 931 509 τις
968 445 1165 515 ἐθέλει,
1192 445 1387 505 πολλα
1423 445 1485 504 δὲ
1519 445 1612 504 καὶ
1642 446 1888 506 παθέειν.

266 538 333 598 ἐς
366 533 481 615 γοῖρ
520 532 980 611 ἐβδομήκοντα”
951 557 1075 593 ετεα
1115 558 1281 610 ουρον
1317 537 1419 608 τῆς
1452 532 1582 609 ζόης
1621 531 1889 612 ἀνθρώπῳ

120 659 139 757 μ
267 622 611 732 προτίθημι·
643 618 798 680 οὗτοι
823 619 1002 683 ἐόντες
1028 620 1266 681 ἐνιαυτοὶ
1291 619 1693 698 εβδομήκοντα,
1719 646 1885 698 παρε-

264 734 472 788 χονται
493 708 706 786 ἡμέρας
731 707 1017 784 διηκοσίας
1042 708 1135 767 καὶ
1164 709 1624 787 πεντακισχιλίας
1646 708 1739 767 καὶ
1764 709 1881 769 δισ-

267 797 491 874 μυρίας·
536 794 884 877 [ἐμβολίμου
916 794 1091 872 μηνός
1123 794 1206 872 μὴ
1240 796 1552 877 γινομένου.
1635 800 1685 855 εἰ
1718 795 1779 855 δὲ
1813 782 1928 873 δη*

270 883 539 960 ἐθελήσει
565 880 828 960 τοῦτερον
858 886 970 943 τῶν
1001 883 1165 944 ἐτέων
1196 883 1332 960 μηνὶ
1365 882 1706 961 μακρότερον
1738 885 1883 996 γίνε-

269 971 484 1041 σθαι,
457 996 548 1031 ινα
566 968 636 1046 δὴ
657 974 717 1030 αἱ
743 968 880 1048 ὧραι
903 969 1267 1047 συμβαίνωσι
1284 970 1721 1052 παραγινόμεναι
1740 977 1796 1034 ἐς
1811 970 1881 1032 τό

268 1056 416 1129 δέον,
440 1062 614 1136 μῆνες
634 1059 741 1135 μὲν
762 1083 918 1136 παρα.
938 1083 1013 1118 τα
1042 1056 1492 1135 εβδομήκοντα”
1462 1084 1586 1117 ετεα
1618 1061 1672 1117 οἱ
1707 1058 1881 1135 ἐμβό-
1955 1068 1960 1073 ’

264 1148 433 1223 λιμοι
468 1146 720 1228 γίνονται
757 1145 1056 1224 τριήκοντα
1092 1146 1278 1206 πέντε·
1323 1145 1528 1224 ἡμέραι
1572 1145 1634 1205 δε
1672 1151 1733 1205 ἐκ
1770 1150 1882 1207 τῶν

266 1238 461 1310 μηνῶν
507 1232 735 1303 τούτων,
785 1233 970 1313 χίλιαι
1016 1231 1403 1315 πεντήκοντα]
1469 1233 1706 1295 τουτέων
1749 1232 1881 1315 [τῶν

263 1319 537 1385 ἅπασέιικι
545 1318 809 1399 ἡμερέων,
824 1325 936 1380 τῶν
945 1326 1003 1384 ἐς
1012 1319 1088 1381 τὰ
1101 1320 1488 1398 ἐβδομήκοντα
1503 1322 1627 1381 ἔτεα
1644 1322 1881 1383 ἐουσέων

264 1407 616 1485 πεντήκοντα
638 1408 734 1469 καὶ
758 1408 1054 1484 διηκοσίων
1078 1408 1173 1468 καὶ
1197 1409 1620 1488 ἑξακισχιλιέων
1640 1409 1732 1468 καὶ
1758 1410 1877 1470 δισ-
1913 1442 2012 1503 (⁴²
2035 1436 2052 1473 ι

263 1494 610 1579 μυριέων],“
569 1523 608 1572 η
635 1496 795 1575 ετέρη
813 1495 1018 1556 αὐτέων
1039 1500 1114 1575 τῇ
1140 1497 1297 1576 ἑτέρῃ
1320 1495 1501 1576 ημέρῃ
1523 1523 1591 1557 το
1613 1496 1934 1574 παράπαν
1997 1496 2008 1507 “

264 1583 485 1644 οὖδὲν“
452 1586 651 1662 ομοῖον
673 1582 954 1664 προσάγει
983 1588 1239 1664 πρῆγμα.
1280 1582 1422 1643 οὕτω
1446 1583 1537 1654 ὧν,
1565 1583 1608 1643 ὦ
1639 1588 1876 1662 Κροῖσε,

261 1676 384 1732 πᾶν
397 1677 523 1733 ἐστι
535 1670 823 1751 ἄνθρωπος
836 1671 1128 1749 συμφορή.
1162 1676 1287 1748 ἐμοι
1265 1671 1364 1731 δε
1378 1697 1453 1731 συ
1470 1672 1562 1730 καὶ
1580 1673 1875 1735 πλουτέειν

261 1760 373 1836 μὲν
394 1761 547 1840 μέγα
564 1760 806 1836 φαίνεαι,
826 1759 920 1818 καὶ
940 1758 1223 1835 βασιλευς
1247 1757 1386 1819 εἶναι
1408 1763 1642 1821 πολλῶν
1664 1759 1871 1838 ἀνθρώ-

260 1873 406 1907 πων·
449 1850 625 1909 ἐκεῖνο
656 1846 717 1913 δὲ
745 1872 813 1906 το
849 1845 992 1924 εἴρεό
1013 1871 1105 1924 με,
1133 1845 1277 1906 οὔκω
1306 1872 1379 1907 σε
1409 1846 1517 1928 ἐγω
1548 1848 1714 1929 λέγω,
1740 1849 1873 1926 πρὶν

260 1933 335 1994 ἂν
358 1923 777 2010 τελευτήσαντα
808 1937 992 1997 καλῶς
1012 1932 1115 1994 τᾶν
1145 1937 1317 1994 αἰῶνα
1346 1933 1623 2012 πύθωμαι·
1665 1961 1730 1994 ου
1760 1934 1871 2016 γάρ

258 2047 357 2081 τοι
385 2021 421 2082 ὅ
448 2022 600 2103 μέγα
620 2020 897 2084 πλούσιος
917 2023 1147 2098 μαλλον
1173 2024 1274 2129 τρῦ
1306 2018 1390 2081 ἐπ
1413 2020 1628 2100 ημέρην
1652 2023 1874 2101 ἔχοντος

260 2107 614 2186 ὀλβιώτερός
658 2112 800 2179 ἐστι,
839 2111 891 2168 εἰ
937 2107 1021 2185 μή
1060 2110 1117 2168 οἱ
1151 2105 1295 2188 τῦχη
1338 2109 1649 2179 ἐπίσποιτο,
1690 2108 1875 2170 πάντα

261 2194 420 2255 καλὰ
438 2197 638 2274 ἔχοντα
660 2198 1001 2272 τελευτῆσαι
1022 2221 1083 2255 ευ
1099 2195 1200 2257 τᾶν
1222 2197 1369 2271 βίον.
1411 2198 1624 2256 πολλοὶ
1640 2223 1745 2274 μεν
1760 2197 1871 2279 γὰρ

260 2282 575 2355 ζάπλοισοι
587 2282 886 2362 ἀνθρώπων
901 2281 1172 2360 ανόλβιοί
1181 2287 1310 2343 εἶσι·
1335 2283 1547 2343 πολλοὶ
1564 2284 1625 2343 δὲ
1641 2287 1872 2362 μετρίως

260 2371 489 2450 ἔχοντες
530 2372 666 2448 βίου
718 2369 984 2450 εὐτυχέες·
1035 2397 1070 2431 ο
1119 2372 1225 2448 μὲν
1273 2369 1343 2446 δὴ
1386 2371 1539 2451 μέγα
1579 2370 1870 2444 πλουσιος,

259 2457 540 2534 ἀνόλβιος
574 2458 651 2528 δὲ,
683 2457 869 2518 δυοῖσι
900 2459 1132 2537 προέχει
1162 2461 1265 2519 τοῦ
1306 2456 1560 2537 ευτυχέος
1591 2456 1871 2534 μούνοισι·

260 2540 430 2611 οὗτος
453 2545 516 2605 δὲ
535 2549 638 2605 τοῦ
660 2546 940 2606 πλουσίου
966 2545 1059 2604 καὶ
1084 2543 1360 2622 ἀνολβίου
1382 2547 1677 2605 πολλοῖσι·
1711 2573 1744 2606 ο
1768 2549 1874 2624 μὲν

258 2633 563 2710 ἐπιθυμίην
580 2634 873 2693 ἐκτελέσαι
890 2634 983 2692 καὶ
1003 2631 1142 2708 ἄτην
1154 2632 1411 2714 μεγάλην
1428 2639 1873 2711 προσπεσοῦσαν

258 2723 471 2782 ἐνεῖκαι
508 2716 893 2798 δυνατώτερος·
938 2719 973 2781 ὁ
1013 2720 1075 2791 δὲ
1117 2720 1332 2781 τοισίδε
1373 2723 1601 2802 προέχει
1645 2724 1872 2785 ἐκείνου·

259 2807 407 2884 ἄτην
439 2810 544 2885 μὲν
583 2808 676 2867 καὶ
714 2808 1007 2885 ἐπιθυμίην
1042 2806 1143 2867 οὐκ
1183 2806 1387 2884 ὁμοίως
1424 2809 1651 2873 δυνατὰς
1690 2812 1873 2891 ἐκείνῳ

260 2899 487 2965 ἐνεῖκαι,
502 2934 507 2941 -
520 2899 696 2957 ταῦτα
734 2894 796 2954 δὲ
823 2894 863 2970 ἦ
896 2893 1120 2974 εὐτυχίη
1161 2897 1216 2955 οἱ
1249 2894 1524 2973 ἀπερύκει·
1567 2896 1780 2974 ἄπηρος
1813 2899 1873 2957 δὲ

262 2983 410 3053 ἐστὶ,
443 2980 701 3052 ἄνουσος,
728 2981 951 3058 ἀπαθὴς
983 2985 1183 3054 κακῶν,
1218 2981 1425 3053 εὔπαις,
1463 2982 1687 3061 ειξειδής·
1730 2987 1781 3043 εἰ
1814 2985 1875 3045 δὲ

259 3069 413 3148 πρός
424 3064 677 3131 τούτοισι
694 3070 774 3130 ἔτι
789 3069 1118 3147 τελευτήσει
1133 3069 1234 3130 τόν
1245 3071 1381 3146 βίον
1400 3069 1478 3138 εὖ,
1494 3066 1654 3132 οὗτος
1673 3073 1876 3134 ἐκεῖνος

259 3158 367 3220 τᾶν
399 3156 476 3221 (n)
510 3158 689 3234 ζητεῖς
722 3156 926 3235 ὄλβιος
955 3156 1270 3230 κεκλῆσθαι
1300 3153 1453 3222 ἄξιός
1488 3158 1630 3212 ἐστι·
1670 3157 1804 3233 πρὶν
1828 3157 1875 3216 δ’

261 3244 338 3307 ἂν
351 3245 686 3326 τελευτήσῃ,
706 3243 1003 3323 ἐπισχέειν,
1020 3241 1163 3318 μηδὲ
1188 3239 1408 3298 καλέειν
1427 3263 1504 3296 κω
1521 3238 1728 3314 ὄλβιον
1745 3241 1877 3299 ἀλλ’

1949 742 2128 830 3³<
