2184 3517
347 107 446 158 110
964 107 1333 159 ²11POAowo'r
1844 103 1978 174 [112‘

347 187 622 266 τημέρους
645 187 876 299 ἄγοντες
897 214 1028 253 τους
1051 188 1294 249 δυώδεκα
1316 193 1516 267 μῆνας,
1543 188 1820 271 ἐπάγουσι
1845 190 1969 252 ἀνα

349 279 466 336 πᾶν
491 276 611 340 ἔτος
634 277 801 338 πέντε
825 277 1033 355 ἡμέρας
1056 276 1239 354 πάρεξ
1269 281 1370 338 τοῦ
1397 276 1657 355 ἀριθμοῦ·
1712 278 1811 338 καί
1839 283 1970 355 σφι

351 363 387 424 ὅ
426 363 628 429 κύκλος
663 369 774 427 τῶν
806 365 987 443 ωρέων
1017 371 1074 429 ἐς
1101 364 1279 425 τωυτό
1318 364 1545 443 περιῖων
1569 367 1968 447 παραγίνεται.

349 452 592 513 δυώδεκά
614 478 678 515 τε
703 454 895 515 θεῶν’
869 453 1176 531 επωνυμίας
1201 453 1397 535 ἔλεγον
1420 479 1669 531 πρωτους
1688 455 1969 535 Αἰγυπτί-

353 566 448 606 ους
472 542 718 618 νομίσαι,
758 542 852 601 καὶ
870 541 1163 618 Ἕλληνας
1195 542 1352 619 παρσῖ
1390 542 1584 619 σφέων
1622 541 1963 619 ἀναλαβεῖν

350 629 582 707 βωμούς
618 655 682 690 τε
716 630 811 689 καὶ
840 628 1146 712 ἀγάλματα
1179 629 1273 690 καὶ
1317 629 1481 706 νηοῦς
1520 630 1706 690 θεοῖσι
1734 630 1968 691 α’πονεῖ-

350 742 457 794 μαι
497 717 683 793 σφέας
722 716 988 795 πρώτους,
1021 718 1116 776 καὶ
1148 717 1262 789 ζῶα
1304 722 1363 778 ἐν
1397 718 1613 778 λίθοισι
1657 716 1960 799 ἐγγλύψαι.

353 806 447 865 καὶ
488 804 698 868 τούτων
736 806 843 884 μέν
881 832 978 867 νυν
1014 805 1088 866 τσῖ
1130 806 1287 865 πλέω
1334 807 1474 888 ἔργῳ
1526 805 1762 882 ἐδήλουν
1814 806 1966 868 οὕτω

351 892 638 976 γενόμενα·
692 895 1048 973 βασιλεῦσαι
1078 894 1139 954 δὲ
1171 897 1393 971 πρῶτον
1424 892 1713 975 Αἰγύπτου
1744 894 1963 973 ἀνθρώ-

352 1007 472 1043 πων
498 983 693 1064 ἔλεγον
717 986 909 1058 Μῆνα·
956 983 1049 1042 ε’πὶ
1079 981 1297 1054 τούτου,
1336 983 1492 1059 πλὴν
1523 985 1627 1043 τοῦ
1661 985 1963 1060 Θηβαϊκοῦ

353 1074 527 1148 νομοῦ
561 1075 756 1133 πᾶσαν
791 1072 1079 1153 Αἴγυπτον
1110 1069 1250 1131 εἶναι
1284 1070 1427 1134 ἕλος
1487 1071 1581 1131 καὶ
1619 1070 1789 1147 αὐτῆς
1817 1071 1963 1133 εἶναι

354 1158 513 1220 οὐδὲν
541 1158 814 1240 ὖπερέχον
842 1164 954 1221 τῶν
988 1162 1088 1220 νῦν
1124 1159 1308 1236 ἔνερθε
1346 1160 1548 1236 λίμνης
1580 1162 1683 1236 τῆς
1716 1160 1962 1237 Μοίριος

356 1246 573 1309 ε’όντων·
629 1253 685 1313 ε’ς
717 1248 822 1323 τὴν
851 1245 1135 1310 ἀνάπλους
1169 1246 1282 1307 ἀπὸ
1318 1246 1618 1324 θαλάσσης
1657 1247 1798 1308 ἔπτοῖ
1821 1248 1960 1326 ήμεῖ

297 1337 339 1394 5
351 1336 492 1413 ρέων
531 1337 655 1397 ε’στὶ
700 1334 808 1397 (ἶνα
843 1361 944 1397 τον
981 1333 1259 1413 ποταμόν.
1342 1336 1460 1395 Καὶ
1500 1335 1560 1395 ευ
1599 1361 1700 1413 μοι
1736 1335 1961 1398 ἐδόκεον

353 1423 543 1533 λέγειν
566 1425 696 1503 περὶ
720 1427 823 1501 τῆς
857 1420 1056 1503 χῶρης·
1116 1422 1266 1498 δῆλα
1298 1423 1409 1532 γὰρ
1447 1423 1516 1501 δη
1548 1425 1642 1484 καὶ
1675 1424 1757 1501 μή
1782 1450 1959 1502 προα-

356 1511 624 1573 κούσαντι
657 1511 826 1573 ἰδόντι
852 1511 1004 1581 δὲ,
972 1536 1133 1575 οστις
1161 1536 1229 1593 γε
1256 1537 1487 1573 συνεσιν
1518 1512 1647 1591 ἔχει,
1673 1511 1761 1573 ὅτι
1786 1514 1959 1594 Αἴγυ-

354 1625 509 1672 πτος,
567 1605 626 1663 ἐς
678 1598 784 1677 τήν
826 1596 1107 1675 Ελληνες
1151 1599 1564 1671 ναυτίλλονται,
1619 1600 1741 1660 ἔστι
1786 1604 1958 1683 Αἶγυ-
1978 1592 1991 1601 ⁰

352 1688 573 1750 πτίοισι
598 1686 887 1765 ἐπίκτητός
909 1712 973 1748 τε
991 1691 1069 1769 γῆ
1097 1687 1190 1747 καὶ
1215 1688 1390 1766 δῶρον
1405 1693 1506 1748 τοῦ
1531 1692 1807 1765 ποταμοῦ·
1862 1690 1958 1751 καὶ

350 1776 425 1837 τοὶ
465 1775 774 1854 κατύπερθε
822 1776 903 1835 ἔτι
942 1778 1045 1852 τῆς
1083 1776 1288 1854 λίμνης
1324 1775 1537 1853 ταύτης
1581 1776 1750 1857 μέχρι
1787 1780 1958 1855 τριῶν

351 1865 600 1944 ἡμερέων
627 1864 831 1936 πλόου,
865 1867 967 1940 τῆς
998 1864 1129 1942 πέρι
1154 1868 1351 1926 ε’κεῖνοι
1377 1864 1535 1925 οὐδὲν
1559 1865 1639 1925 ἔτι
1687 1864 1948 1950 [τοιόνδε]

353 1955 565 2035 ἔλεγον·
622 1954 744 2014 ἔστι
769 1952 815 2013 δ’
842 1954 1029 2030 ἕτερον
1051 1956 1325 2014 τοιοῦτον.

432 2041 722 2125 Αἰγύπτου
778 2040 889 2123 γοὶρ
944 2039 1119 2117 φύσις
1181 2044 1283 2117 τῆς
1338 2039 1525 2121 χώρης
1576 2041 1700 2104 ἐστὶ
1748 2042 1954 2120 τοιήδε·

350 2134 547 2211 πρῶτα
577 2133 681 2210 μὲν
714 2130 1070 2209 προσπλέων,
1107 2128 1188 2190 ἔτι
1228 2129 1322 2190 καὶ
1354 2128 1566 2208 ἡμέρης
1590 2128 1798 2209 δρόμον
1822 2131 1956 2194 ἆπέ·

350 2246 467 2300 χων
499 2219 630 2281 ’ἀπὸ
681 2223 804 2302 γῆς,
863 2212 1047 2282 κατεὶς
1101 2218 1600 2296 καταπειρητηρίην
1657 2218 1844 2295 πηλόν
1892 2246 1956 2282 τε

352 2308 595 2373 ἀνοίσεις
627 2308 721 2368 καὶ
766 2312 826 2367 ἐν
868 2306 1060 2367 ἕνδεκα
1101 2305 1364 2388 ὀργυιῇσι
1406 2306 1580 2366 ἔσεαι.
1645 2311 1813 2369 τοῦτο
1851 2311 1956 2384 μὲν

297 2400 334 2457 6
354 2398 445 2457 ε’πὶ
469 2399 713 2459 τοσοῦτο
738 2395 906 2472 δηλοῖ
927 2392 1210 2474 πρόχυσιν
1232 2397 1335 2471 τῆς
1358 2398 1464 2476 ’γῆς
1488 2397 1712 2456 εὀῦσαν.
1770 2395 1955 2474 Αὖτῆς

353 2485 415 2545 δὲ
452 2490 555 2562 τῆς
592 2481 881 2566 Αἰγύπτου
925 2482 1050 2544 ἐστὶ
1100 2485 1280 2560 μῆκος
1323 2482 1391 2542 τό
1443 2482 1599 2560 παραὶ
1649 2482 1956 2545 θάλασσαν

355 2571 625 2649 εξήκοντα
665 2573 905 2650 σχοῖνοι,
953 2595 1097 2630 κατα
1129 2569 1298 2648 ἦμέες
1335 2570 1646 2648 διαιρέομεν
1686 2571 1829 2632 εἶναι
1857 2573 1954 2632 Αἴ-

351 2685 566 2742 γυπτον
591 2658 703 2720 οἷπο
732 2662 833 2719 τοῦ
871 2656 1257 2734 Πλινθινήτεω
1293 2657 1510 2718 κόλπου
1534 2658 1704 2739 μέχρι
1730 2660 1954 2737 Σερβω-

355 2748 505 2812 νίδος
528 2747 746 2824 λίμνης,
771 2745 902 2824 παρ’
927 2744 999 2822 ἢν
1022 2746 1089 2807 τό
1116 2744 1397 2806 Κάσιον”
1364 2772 1495 2825 ορος
1527 2749 1708 2809 τείνει·
1750 2747 1955 2860 ταύτης

353 2834 429 2898 ὧν
473 2860 586 2896 απο
633 2861 687 2896 οι
739 2833 1005 2910 εξήκοντα
1045 2834 1275 2914 σχοῖνοί
1322 2837 1453 2894 εἶσι·
1521 2834 1652 2896 ὅσοι
1702 2836 1808 2912 μὲν
1842 2861 1954 2918 γαρ

350 2924 649 3006 γεωπεῖναί
669 2926 780 2984 εἰσι
804 2921 1122 3001 ἀνθρώπων,
1157 2921 1419 3005 ὀργυιῇσι
1442 2922 1828 3003 μεμετρήκασι
1851 2923 1954 3001 τὴν

350 3012 557 3092 χώρην·
610 3010 742 3072 ὅσοι
781 3011 842 3071 δὲ
864 3008 1057 3087 ἧσσον
1094 3013 1406 3092 γεωπεῖναι,
1452 3011 1754 3072 σταδίοισι·
1803 3011 1860 3072 οἳ
1893 3013 1954 3074 δὲ

351 3099 579 3176 πολλὴν
609 3100 821 3179 ἔχουσι,
855 3098 1286 3180 παρασάγγῃσι·
1319 3097 1375 3158 οἳ
1414 3098 1475 3158 δὲ
1512 3095 1768 3174 ἄφθονον
1804 3100 1951 3177 λίην,

351 3188 649 3266 σχοίνοισι.
734 3186 961 3248 δύναται
986 3186 1047 3247 δὲ
1071 3185 1106 3247 ὅ
1129 3190 1235 3265 μὲν
1258 3185 1634 3267 παρασάγγης
1657 3186 1954 3265 τριήκοντα

350 3273 574 3346 στάδια,
599 3274 633 3336 ὅ
658 3275 719 3335 δὲ
737 3277 969 3355 σχοῖνος
993 3273 1248 3345 ἕκαστος,
1273 3273 1480 3351 μέτρον
1510 3274 1603 3337 ἐὰν
1628 3275 1952 3357 Αἰγύπτιον,
