2184 3517
278 116 345 163 40
890 110 1259 159 ἨΡοΔοΤοτ
1808 112 1879 177 [Ι.

276 191 478 252 δοκέων
497 192 551 251 οἶ
575 188 780 270 χρόνον
800 189 892 250 ἐπὶ
915 188 1133 267 μακρὰν
1152 189 1385 249 ἔσεσθαι
1408 187 1515 265 τήν
1530 190 1881 267 πολιορκίην,

279 280 488 356 ἔπεμπε
514 283 574 337 ἐκ
599 281 700 338 τοῦ
725 279 937 355 τείχεος
971 276 1183 340 ἄλλους
1213 275 1490 358 ἀγγέλους
1525 276 1704 340 ἐςσοῖς
1736 304 1882 356 συμ-

273 368 502 446 μαχίας.
584 369 639 425 οῗ.
673 368 777 442 μὲν
801 365 911 446 γὰρ
943 363 1212 442 πρότερον
1245 364 1613 442 διεπέμποντο
1651 369 1706 427 ἐς
1740 366 1882 442 πέμ-

273 480 416 514 πτον
473 457 626 531 μῆνα
682 453 1036 530 προερέοντες
1094 452 1480 532 συλλέγεσθαι
1541 456 1596 516 ἐς
1657 450 1880 537 Σάρδις·

273 541 502 605 τούτους
526 541 586 600 δὲ
612 540 885 618 ἐξέπεμπε
908 540 1012 616 τήν
1034 540 1314 619 ταχίστην
1345 540 1569 600 δέεσθαι
1595 541 1877 616 βοηθέειν,

176 633 256 692 82
276 629 347 693 ὥς
373 629 840 706 πολιορκεομένου
873 629 1150 706 Κροίσου.
1219 625 1326 690 ''Es'
1349 652 1413 687 τε
1445 627 1514 703 δή
1548 626 1622 688 ὦν
1650 627 1750 692 τὰς
1775 626 1900 708 ἅλῂ

275 721 381 781 λας
414 718 623 795 ἔπεμπε
653 716 996 795 συμμαχίας,
1026 716 1118 774 καὶ
1151 716 1219 791 δὴ
1250 715 1342 775 καὶ
1378 720 1434 779 ἐς
1467 715 1876 793 Λακεδαίμονα.

271 809 424 865 τοῖσι
449 805 509 864 δὲ
536 804 627 863 καὶ
652 804 875 865 αὐτοῖσι
902 804 1080 886 [τοῖσι
1119 802 1529 885 Σπαρτιήτῃσι]
1557 802 1673 863 κατ’
1707 802 1879 865 αὐτὸν

270 897 468 953 τοῦτον
518 891 618 954 τὸν
667 891 872 1004 χρόνον
912 891 1356 952 συνεπεπτώκεε.
1370 891 1479 968 ἔρις
1524 894 1698 951 ἐοῦσα
1734 891 1879 968 πρὸς

270 982 572 1062 Ἀργείους,
599 982 727 1059 περὶ
750 1007 936 1061 χωρου
963 982 1304 1057 καλεομένου
1329 980 1558 1057 Θυρέης.

349 1070 462 1134 Τοῖς
499 1096 609 1152 γαρ
650 1070 861 1148 Θυρέας
899 1068 1120 1138 ταύτας,
1164 1066 1364 1131 ἐούσας
1403 1071 1505 1142 τῆς
1544 1066 1877 1149 Ἀργολίδος

267 1159 481 1237 μοίρης,
514 1157 932 1235 ἀποταμόμενοι
975 1157 1149 1235 ἔσχον
1192 1182 1246 1215 οι
1276 1154 1722 1231 Λακεδαιμόνιοι.
1802 1154 1877 1231 ἦν

268 1246 329 1306 δὲ
355 1248 447 1306 καὶ
471 1273 508 1323 η
536 1248 705 1326 μέχρι
737 1249 984 1305 Μαλεῶν
1009 1244 1048 1320 ἦ
1080 1242 1224 1321 πρός
1257 1243 1500 1320 ἑσπέρην
1526 1242 1872 1324 Ἀργείων,
1831 1269 1874 1319 η

267 1358 332 1393 τε
356 1339 416 1394 ἐν
439 1338 510 1412 τῇ
535 1333 742 1413 ἠπείρῳ
773 1331 928 1411 χώρη
963 1332 1055 1389 καὶ
1087 1331 1127 1407 ἦ
1158 1330 1432 1408 Κυθηρίη,
1461 1328 1553 1389 καὶ
1584 1332 1644 1388 αἱ
1676 1330 1877 1390 λοιπαὶ

264 1426 375 1483 τῶν
400 1421 604 1499 νήσων.
685 1419 1097 1498 βοηθησάντων
1128 1418 1189 1478 δὲ
1222 1417 1487 1500 Ἀργείων
1517 1421 1590 1497 τῇ
1620 1417 1876 1497 σφετέρῃ

267 1509 712 1589 α’ποτιψνομένῃ,
743 1508 980 1568 ἐνθαῦτα
1005 1507 1389 1583 συνέβησαν’
1363 1532 1418 1570 ες
1443 1504 1648 1587 λόγους
1673 1510 1876 1566 συνελ-

271 1598 474 1669 θόντες,
530 1597 676 1658 ὥστε
733 1596 1087 1674 τριηκοσίους
1155 1596 1421 1674 ἑκατέρων
1485 1595 1872 1704 μαχέσασθαι,

270 1686 519 1764 ὁκότεροι
545 1685 591 1746 δ’
619 1683 688 1745 ἂν
714 1685 1105 1765 περιγένωνται
1131 1708 1340 1744 τουτων
1373 1681 1511 1743 εἶναι
1538 1708 1639 1743 τον
1663 1686 1871 1763 χῶρον·

262 1775 330 1836 τό
357 1776 417 1835 δὲ
441 1777 662 1853 πληθος
685 1776 785 1834 τοῦ
812 1776 1059 1851 στρατοῦ
1095 1770 1638 1832 οἷπαλλάσσεσθαι“
1613 1770 1875 1848 εκάτερον

265 1868 322 1927 ἐς
345 1862 450 1939 τὴν
476 1864 694 1931 ἑωυτοῦ,
713 1861 856 1937 μηδὲ
880 1861 1220 1939 παραμένειν
1246 1858 1673 1941 ἀγωνιζομένων,
1698 1860 1874 1920 τῶνδε

262 1950 480 2021 εἵνεκεν,
509 1950 597 2011 ἵνα
619 1948 701 2026 μή
725 1947 1041 2026 παρεόντων
1063 1952 1176 2008 τῶν
1202 1947 1608 2025 στρατοπέδων,
1634 1946 1874 2025 ὁρῶντες

262 2042 319 2099 οἱ
369 2040 544 2116 ἕτεροι
588 2038 960 2114 ἑσσουμένους
993 2035 1124 2100 τοῦς
1167 2037 1476 2114 σφετέρους
1520 2034 1871 2113 ἐπαμύνοιεν.

260 2128 591 2205 συνθέμενοι
637 2125 712 2186 ὦν
762 2129 939 2186 ταῦτα
983 2122 1454 2184 ἀπαλλάσσοντο·
1519 2122 1759 2205 λογάδες
1805 2125 1872 2185 δὲ

262 2216 530 2293 ἑκατέρων
580 2213 1017 2290 ’ὑπολειφθέντες
1070 2213 1453 2288 συνέβαλλον·
1535 2211 1870 2290 μαχομένων

262 2304 325 2364 δέ
355 2311 548 2381 σφεων
584 2302 676 2362 καὶ
715 2302 1016 2383 γινομένων
1053 2300 1371 2360 ἰσοπαλέων
1405 2298 1772 2359 ὑπελείποντο
1804 2302 1874 2372 ἐξ

260 2392 471 2471 ἀνδρῶν
503 2391 803 2462 ἑξακοσίων
835 2393 999 2466 τρεῖς,
1037 2385 1305 2469 Ἀργείων
1337 2389 1442 2464 μὲν
1480 2386 1769 2465 Ἀλκήνωρ
1800 2414 1867 2448 τε

260 2483 352 2540 καὶ
404 2480 670 2559 Χρόμιος,
725 2477 1173 2553 Λακεδαιμονίων
1228 2477 1288 2535 δὲ
1337 2474 1666 2554 Ὀθρυάδης·
1733 2475 1866 2535 ὕπε-

260 2569 583 2645 λείφθησαν
616 2567 675 2626 δὲ
709 2562 864 2624 οὗτοι
895 2562 1091 2626 νυκτὸς
1125 2562 1489 2640 ἐπελθούσης.
1574 2566 1627 2622 οἱ
1658 2565 1760 2639 μὲν
1790 2564 1863 2641 δὴ

258 2656 355 2715 δύο
379 2659 488 2715 τῶν
511 2652 776 2734 Ἀργείων
805 2650 876 2715 ὥς
907 2650 1247 2726 νενικηκότες
1283 2652 1437 2712 ἔθεον
1468 2656 1524 2715 ἐς
1548 2650 1613 2710 τὰ
1630 2650 1862 2733 Ἄργος·

257 2743 291 2804 ὁ
330 2744 389 2802 δὲ
419 2746 529 2802 τῶν
555 2740 1001 2816 Λακεδαιμονίων
1029 2738 1356 2816 Ὀθρυάδης,
1383 2738 1705 2804 σκυλεύσας
1730 2739 1864 2804 τούς

255 2829 521 2913 Ἀργείων
561 2828 783 2908 νεκρούς
819 2828 913 2887 καὶ
954 2826 1371 2906 προσφορήσας
1404 2826 1477 2888 τὰ
1523 2826 1679 2888 ὅπλα
1715 2828 1864 2905 πρὸς

254 2919 323 2979 τὸ
378 2922 578 2979 ἑωυτοῦ
629 2915 1026 2994 στρατόπεδον,
1070 2921 1131 2975 ἐν
1167 2920 1240 2993 τῇ
1277 2914 1433 2985 τάξει
1473 2914 1590 2995 εἶχε
1637 2916 1876 2987 ἑωυτόν,.

253 3005 434 3085 ἡμέρῃ
460 3006 519 3066 δὲ
545 3005 769 3082 δευτέρῃ
794 3006 1060 3079 παρῆσαν
1097 3000 1500 3079 πυνθανόμενοι
1526 3002 1857 3082 ἀμφότεροι.

254 3094 388 3156 τέως
422 3095 527 3167 μὲν
562 3092 631 3168 δὴ
664 3091 825 3151 αὐτοὶ
857 3089 1102 3167 ἑκάτεροι
1141 3091 1363 3165 ἔφασαν
1390 3095 1561 3160 νικᾶν,
1597 3092 1860 3171 λέγοντες

255 3182 311 3238 οἱ
350 3184 455 3256 μὲν
486 3179 556 3244 ὥς
587 3182 798 3239 ἑωυτῶν
836 3181 1069 3241 πλεῦνες
1100 3175 1512 3257 περιγεγόνασι,
1545 3180 1599 3236 οἳ
1632 3177 1692 3237 δὲ
1725 3178 1859 3241 τούς

255 3267 359 3337 μὲν
392 3265 793 3341 ἀποφαίνοντες
827 3262 1178 3343 πεφευγότας
1207 3263 1307 3322 τόν
1343 3262 1403 3321 δὲ
1437 3264 1717 3341 σφέτερον
1748 3290 1857 3324 πα-
