2184 3517
137 113 380 179 27—30]
801 115 1124 165 mnpnn.
1668 115 1758 162 121

136 192 305 254 ἀλλά
345 191 593 254 τοσόνδε
614 196 719 270 μὲν
750 192 900 253 ἄλλο
940 193 1033 253 ἐπὶ
1070 191 1423 270 μακρότατον
1460 191 1763 271 ἐπυθόμην,

140 283 317 361 μέχρι
347 284 459 359 μὲν
482 281 889 357 Ἐλεφαντίνης
919 279 1121 344 πόλιος
1157 278 1437 355 αὐτόπτης
1473 280 1666 351 ε’λθῶν,
1691 280 1762 341 τδ

144 368 191 428 δ’
211 369 333 430 οἷπό
363 368 571 430 τούτου
590 369 734 447 οἷκοῇ
751 368 858 444 ἤδη
880 369 1161 444 ἱστορέων.
1229 365 1342 426 άπὸ
1361 366 1765 445 Ἐλεφαντίνης

144 455 355 520 πόλιος
382 455 497 516 ἅνω
526 456 680 526 ἰόντι,
707 454 935 519 ἅναντές
960 460 1085 515 ε’στι
1109 455 1334 534 χωρίον·
1374 453 1550 533 ταύτῃ
1579 454 1653 515 ὧν
1678 456 1765 517 δεῖ

144 544 212 603 τό
239 548 457 604 πλοῖον
484 543 856 619 διαδήσαντας
887 542 1300 620 α’μφοτέρωθεν,
1329 541 1575 620 κατάπερ
1600 545 1763 619 βοῦν,

147 631 516 708 πορεύεσθαι·
584 629 655 707 ἦν
694 632 755 691 δε
806 629 1120 740 άπορραγῇ,
1175 656 1242 691 το
1294 634 1498 691 πλοῖον
1549 632 1757 712 οἴχεται

150 719 472 797 φερόμενον
523 719 634 781 ὕπο
690 719 885 799 ἰσχύος
935 722 1036 779 τοῦ
1088 717 1243 796 ῥόου.
1323 744 1390 779 το
1442 719 1504 779 δὲ
1552 721 1758 800 χωρίον

148 811 321 868 τοῦτο
377 810 502 868 ἔστι
556 808 649 867 ε’πὶ
690 808 901 885 ἡμέρας
945 807 1223 884 τέσσερας
1272 805 1469 871 πλόος·
1528 809 1762 874 σκολιός

152 893 213 955 δὲ
262 896 461 976 ταύτῃ,
520 895 765 973 κατάπερ
811 895 844 955 ὁ
885 895 1224 973 Μαίανδρος,
1270 895 1393 955 ἔστι
1444 894 1479 955 ὅ
1528 900 1759 961 Νεῖλος.

154 987 381 1061 σχοῖνοι
420 985 485 1043 δὲ
526 983 767 1044 δυώδεκά
809 987 921 1043 εἰσι
964 980 1136 1054 οὗτοι,
1178 982 1308 1047 τούς
1349 983 1436 1043 δεῖ
1469 984 1644 1063 τούτῳ
1682 988 1762 1065 τῷ

154 1070 343 1152 τρόπῳ
395 1072 761 1132 διεκπλῶσαι·
817 1072 911 1130 καὶ
954 1072 1142 1131 ἔπειτα
1189 1071 1413 1141 ἀπίξεαι
1461 1076 1517 1134 ἐς
1568 1072 1760 1133 πεδίον

156 1160 326 1231 λεῖον,
369 1165 429 1220 ἐν
467 1165 546 1240 τῷ
584 1165 760 1236 νῆσον
799 1160 1074 1238 περιρρέει
1114 1159 1149 1220 ὅ
1190 1163 1418 1223 Νεῖλος·
1467 1160 1759 1239 Ταχομψῶ

158 1247 367 1325 οὕνομα
394 1247 538 1328 αὐτῇ
566 1250 708 1310 ε’στί·
752 1249 998 1309 οἰκέουσι
1028 1249 1088 1308 δὲ
1114 1247 1186 1308 ταῖ
1217 1246 1330 1308 άπὸ
1357 1246 1761 1325 Ἐλεφαντίνης

159 1333 267 1395 ἅνω
292 1337 561 1401 Αἰθίοπες
599 1336 725 1413 ἤδη,
768 1337 862 1397 καὶ
900 1339 1001 1414 τῆς
1040 1333 1220 1412 νήσου
1257 1334 1325 1396 τὸ
1366 1334 1563 1412 ἥμισυ·
1604 1334 1671 1396 τό
1697 1336 1759 1396 δὲ

158 1421 347 1498 ἥμισυ,
375 1424 693 1506 Αἰγύπτιοι.
776 1426 962 1504 ἔχεται
1001 1424 1062 1484 δὲ
1101 1427 1201 1499 τῆς
1241 1422 1418 1500 νήσου
1457 1424 1629 1499 λίμνη
1660 1449 1756 1500 με·

160 1510 323 1589 γάλη,
364 1512 472 1588 τὴν
511 1514 677 1590 πέριξ
714 1513 949 1590 νομάδες
990 1513 1254 1576 Αἰθίοπες
1294 1512 1571 1588 νέμονται·
1651 1512 1759 1588 τήν

163 1598 512 1666 ὃιεκπλωσας
543 1608 604 1666 ἐς
635 1605 736 1662 τοῦ
771 1602 985 1662 Νείλου
1024 1599 1092 1660 τὸ
1133 1600 1360 1677 ῥέεθρον
1399 1599 1563 1676 ἥξεις,
1589 1625 1657 1660 το
1699 1606 1757 1664 ἐς

162 1685 261 1763 τήν
284 1690 492 1767 λίμνην
515 1689 722 1767 ταύτην
750 1689 969 1749 ἐκδιδοῖ·
1005 1689 1098 1747 καὶ
1124 1689 1312 1749 ἔπειτα
1339 1686 1581 1763 άποβας,
1603 1714 1756 1765 παρα

163 1774 255 1835 τὸν
278 1777 535 1854 ποταμόν
566 1777 889 1886 ὁδοιπορίην
915 1776 1182 1852 ποιήσεαι
1217 1770 1464 1852 ἤμερέῶν
1486 1775 1755 1854 τεσσερά-

169 1889 342 1943 κοντα·
385 1863 669 1926 σκόπελοί
685 1890 747 1926 τε
771 1890 883 1946 γαρ
911 1868 971 1925 ἐν
992 1867 1070 1943 τῷ
1097 1865 1288 1943 Νεῶῳ
1313 1863 1525 1933 ὄξέες’
1489 1865 1756 1942 ανέχουσι

169 1950 251 2009 καὶ
287 1953 546 2032 χοιράδες
585 1954 808 2013 πολλαί
845 1956 972 2023 εἶσι,
1017 1950 1085 2011 δι’
1131 1948 1206 2012 ὧν
1248 1951 1349 2012 οὔκ
1391 1950 1484 2011 οἷά
1524 1954 1590 2012 τέ
1629 1957 1754 2013 ἐστι

169 2041 365 2100 πλέειν·
409 2039 706 2111 διεξελθών
732 2040 793 2100 δὲ
820 2045 879 2100 ἐν
902 2043 1040 2118 τῇσι
1068 2039 1486 2118 τεσσεράκοντα
1509 2039 1756 2118 ἡμέρῃσι

169 2130 322 2187 τοῦτο
369 2154 438 2188 το
485 2130 707 2208 χωρίον,
756 2127 909 2193 αὖτις
958 2133 1014 2191 ἐς
1068 2128 1256 2205 ἕτερον
1307 2131 1510 2188 πλοῖον
1554 2129 1752 2205 ε’μβοὶς,

174 2212 456 2275 δυώδεκαε
419 2217 629 2294 ημέρας
653 2216 947 2278 πλεύσεαι·
990 2217 1083 2275 καὶ
1109 2217 1299 2277 ἔπειτα
1324 2215 1528 2291 ἥξεις’
1502 2241 1556 2278 ες
1583 2214 1755 2277 πόλιν

173 2303 425 2382 μεγάλην,
451 2307 525 2381 τῇ
551 2302 763 2381 οὔνομά
788 2309 913 2364 ἔστι
939 2303 1158 2381 Μερόη·
1201 2305 1428 2384 λέγεται
1453 2303 1511 2361 δὲ
1550 2300 1690 2412 αὕτη
1713 2302 1753 2378 ἦ

173 2389 323 2455 πόλις
349 2391 487 2451 εἶναι
512 2391 862 2470 μητρόπολις
886 2396 998 2453 τῶν
1023 2392 1215 2452 ἄλλων
1241 2390 1541 2451 Αἰθιόπων.
1625 2393 1678 2449 οἶ
1704 2389 1753 2449 δ’

178 2482 227 2536 ἐν
245 2478 412 2558 ταύτῃ
441 2481 555 2539 Δία
582 2482 722 2540 θεῶν
756 2479 848 2540 καὶ
876 2477 1158 2540 Διόνυσον
1191 2478 1429 2558 μούνους
1463 2478 1753 2554 σέβονται,

177 2565 383 2631 τούτους
406 2592 471 2628 τε
495 2568 754 2650 μεγάλως
778 2572 1004 2645 τιμῶσι·
1047 2568 1145 2627 καί
1168 2576 1282 2645 σφι
1321 2566 1591 2646 μαντήϊον
1617 2566 1756 2631 Διος

180 2656 482 2732 κατέστηκε·
541 2655 939 2733 στρατεύονται
981 2654 1029 2715 δ’
1084 2655 1251 2716 ε’πεάν
1305 2662 1488 2731 σφεας
1540 2655 1573 2716 ὁ
1627 2654 1752 2720 θεός

180 2739 320 2808 οὗτος
353 2744 553 2823 κελεύῃ
592 2744 682 2806 δια
722 2742 1143 2821 θεσπισμάτων·
1199 2743 1306 2814 καὶ,
1333 2746 1407 2823 τῇ
1433 2770 1503 2804 αν
1539 2742 1753 2822 κελεύῃ,

182 2835 350 2892 ἐκεῖσε.
435 2831 581 2895 Ἀπὸ
616 2833 675 2892 δὲ
710 2831 912 2909 ταύτης
945 2835 1047 2908 τῆς
1084 2831 1286 2895 πόλιος
1315 2833 1516 2902 πλέων,
1556 2837 1614 2892 ἐν
1650 2834 1754 2911 ἴσῳ
1772 2832 1851 2891 30

181 2919 338 3000 χρόνῳ
364 2919 525 3001 ἄλλῳ
564 2921 715 2996 ἥξεις
750 2925 807 2986 ἐς
843 2920 972 2985 τούς
998 2918 1379 2998 Αύτομόλους,
1409 2924 1467 2980 ἐν
1501 2919 1619 2999 ὅσῳ
1649 2945 1754 2996 περ

184 3008 235 3077 ἐξ
252 3007 645 3085 Ἐλεφαντίνης
664 3008 837 3085 ἦλθες
857 3014 911 3073 ἐς
936 3008 1040 3084 τὴν
1066 3006 1418 3085 μητρόπολιν
1442 3006 1546 3083 τὴν
1566 3007 1754 3066 Αἰθιό-

184 3121 298 3156 πων.
372 3100 527 3158 τοῖσι
562 3097 621 3156 δὲ
665 3095 1053 3175 Αύτομόλοισι
1092 3095 1346 3156 τούτοισι
1385 3092 1595 3170 οὔνομά
1634 3098 1758 3152 ε’στι

186 3181 426 3264 Ἀσμάχ·.
449 3184 678 3246 δύναται
705 3186 765 3244 δὲ
788 3190 954 3245 τοῦτο
979 3183 1047 3244 τό
1081 3184 1211 3245 ἔπος
1254 3180 1394 3242 κατοὶ
1418 3180 1524 3258 τὴν
1547 3180 1753 3256 Ἑλλήν

188 3297 274 3334 νων
305 3277 576 3352 γλῶσσαν
608 3276 663 3333 οἱ
699 3272 760 3338 ἐξ
797 3269 1097 3349 ἀριστερῆς
1129 3268 1317 3349 χειρός
1350 3267 1754 3346 παριστάμενοι
