2184 3517
335 68 433 118 190
950 70 1319 121 ἭΡοΔοΤοτ
1830 68 1931 133 [11.

335 171 432 208 σιν
458 147 891 210 καταπαύσοντα
915 149 1166 231 λόγοισι·
1208 149 1240 209 ὅ
1268 150 1327 210 δὲ
1364 149 1490 209 ε’πεί
1508 174 1572 209 τε
1603 146 1941 224 ἀπικόμενος

336 234 744 315 κατελάμβανε,
781 236 912 299 τούς
963 237 1317 319 Αἰγυπτίους,
1369 239 1547 296 ταῦτα
1597 234 1680 311 μή
1732 235 1943 295 ποιέειν

338 322 601 403 λέγοντος
655 322 842 393 αὐτοῦ,
888 328 1000 385 τῶν
1044 350 1130 388 τις
1178 324 1495 405 Αἰγυπτίων
1546 321 1754 384 ὄπισθε
1802 322 1944 386 στάς

337 410 632 486 περιέθηκέ
669 413 726 470 οἱ
764 412 974 488 κυνέην,
1004 412 1099 471 καὶ
1137 411 1436 489 περιτιθεὶς
1469 411 1580 487 ἔφη
1607 421 1642 446 “
1650 411 1745 469 ἐπὶ
1768 412 1945 486 βασι-

340 496 476 575 ληΐῃ
501 496 890 575 περιτιθέναι.”
960 499 1054 559 καὶ
1078 503 1157 579 τῷ
1184 498 1251 559 οὗ
1277 524 1383 562 κως
1408 497 1706 558 ἀεκούσιον
1732 498 1947 578 ε’γίνετο

339 582 408 643 τὸ
434 582 776 661 ποιεύμενον,
805 585 877 650 ὦς
902 586 1212 647 διεδείκνυε·
1255 587 1380 646 ε’πεί
1399 611 1463 646 τε
1486 584 1598 667 γάρ
1627 585 1949 661 ἐστήσαντό

340 695 439 748 μιν
474 672 731 747 βασιλέα
767 677 878 734 τῶν
916 676 1234 756 Αἰγυπτίων
1273 677 1328 734 οἶ
1372 673 1736 744 ἀπεστεῶτες,
1776 698 1949 751 παρε-

340 758 643 831 σκευάζετο
685 761 758 826 ὥς
795 766 938 823 ε’λῶν
972 762 1067 822 ἐπὶ
1097 762 1198 823 τόν
1223 761 1481 839 Ἀπρίην·
1534 760 1852 837 πυθόμενος
1889 761 1951 820 δὲ

342 849 520 907 ταῦτα
545 847 577 909 ὁ
601 848 851 927 Ἀπρίης,
880 850 1092 928 ἔπεμπε
1119 849 1203 910 ἐπ’
1221 850 1475 927 Ἀμασιν
1510 847 1685 925 ἄνδρα
1716 848 1953 925 δόκιμον

342 937 454 995 τῶν
492 936 620 1015 περὶ
660 938 857 999 ἔωυτόν
883 938 1216 1018 Αἰγυπτίων,
1241 942 1319 1018 τῷ
1359 936 1570 1014 οὕνομα
1608 936 1679 1012 ἦν
1716 936 1951 1014 Πατάρ-

344 1023 538 1101 βημις,
593 1025 974 1102 ἐντειλάμενος
1018 1024 1164 1106 αὐτῷ
1204 1026 1381 1097 ζῶντα
1420 1023 1677 1101 Ἀμασιν
1716 1022 1956 1132 ἀγαγεῖν

346 1111 477 1189 παρ’
505 1113 721 1175 εωυτόν·
763 1139 836 1178 ως
868 1114 929 1174 δὲ
964 1112 1299 1191 ἀπικόμενος
1337 1139 1439 1174 τον
1469 1112 1726 1189 Ἀμασιν
1751 1110 1957 1172 ἐκάλεε

348 1226 381 1260 ο
430 1201 824 1280 Πατάρβημις,
878 1202 911 1263 ὁ
951 1199 1205 1279 Ἀμασις
1252 1202 1437 1281 (ἔτυχε
1487 1200 1601 1283 γάρ
1645 1199 1731 1259 ἐπ’
1775 1200 1958 1260 ἵππου

349 1288 676 1372 κατήμενος)
713 1288 921 1368 ἐπάρας
955 1288 1323 1368 ἀπεματάῖσε,
1354 1289 1446 1348 καὶ
1487 1286 1667 1349 τοῦτό
1695 1312 1796 1365 μιν
1840 1290 1955 1348 ε’κέ·

350 1378 481 1436 λευε
523 1375 729 1457 Ἀπρίῃ
771 1377 1026 1459 ἀπάγειν·
1092 1377 1241 1455 ὅμως
1281 1377 1341 1436 δε
1386 1374 1564 1436 αὐτον
1616 1374 1808 1446 ἀξιοῦν
1854 1401 1960 1436 τον

350 1462 746 1542 Πατάρβημιν,
784 1465 1064 1550 βασιλέος
1096 1463 1618 1542 μεταπεμπομένου,
1647 1463 1784 1523 ἰέναι
1811 1488 1960 1540 προς

351 1547 538 1612 αυτόν·
575 1577 676 1612 τον
711 1552 770 1611 δὲ
797 1551 944 1631 αὐτῷ
979 1534 1395 1631 ύποκρίνεσθαι,
1426 1577 1498 1615 ως
1524 1555 1745 1611 ((ταῢτα
1770 1551 1960 1610 πάλαι

349 1639 793 1716 παρεσκευάζετο
859 1640 1082 1711 ποιέειν,
1138 1640 1233 1699 καὶ
1284 1639 1429 1718 αύτω
1495 1637 1561 1699 ού
1624 1638 1959 1717 μέμψεσθαι

348 1724 605 1805 Ἀπρίην·
679 1728 1032 1804 παρέσεσθαι
1081 1728 1195 1810 γοὶρ
1249 1728 1344 1787 καὶ
1383 1724 1549 1790 αὖτός
1602 1726 1695 1785 καὶ
1740 1725 1962 1791 ἄλλους

349 1812 550 1883 &few-’²
620 1814 722 1876 τόν
761 1816 822 1876 δὲ
860 1815 1245 1893 Πατάρβημιν
1285 1817 1346 1875 ἔκ
1383 1839 1447 1875 τε
1484 1817 1597 1875 τῶν
1633 1815 1962 1896 λεγομένων

351 1900 454 1961 ούκ
503 1901 724 1985 ἀγνοεῖν
774 1903 879 1980 τήν
931 1903 1194 1975 διάνοιαν,
1250 1904 1343 1963 καὶ
1394 1902 1963 1981 παρασκευαζόμενον

350 1988 582 2066 ὄρέοντα
621 1992 841 2071 σπουδῇ
881 1991 1119 2063 ἀπιέναι,
1146 1989 1501 2069 βουλόμενον
1538 1986 1646 2067 τὴν
1675 1991 1963 2070 ταχίστην

350 2078 592 2153 βασιλέϊ
626 2081 879 2157 δηλῶσαι
912 2080 985 2141 τοὶ
1019 2079 1414 2159 πρησσόμενα·
1458 2078 1529 2143 ὥς
1562 2078 1623 2139 δὲ
1653 2078 1962 2140 ἀπικέσθαι

353 2164 522 2228 αύτόν
572 2169 712 2247 πρὸς
749 2168 849 2230 ’τᾶν
885 2167 1127 2247 Ἀπρίην
1166 2168 1267 2229 οῦκ
1307 2167 1518 2250 ἄγοντα.
1554 2167 1655 2229 τόν
1682 2166 1958 2245 ”Αμασιν,

357 2254 548 2317 οὐδένα
579 2257 755 2340 λόγον
794 2256 941 2337 αὐτῷ
979 2256 1149 2318 δόντα
1189 2256 1346 2317 ἀλλά
1386 2256 1700 2334 περιθύμως
1738 2258 1959 2335 ἔχοντα,

357 2350 677 2424 περιταμεῖν
723 2344 1045 2424 προστάξαι
1094 2344 1264 2406 αὐτοῦ
1316 2342 1390 2406 τά
1434 2368 1498 2405 τε
1545 2343 1659 2403 ὦτα
1711 2345 1806 2403 καὶ
1855 2344 1965 2422 τὴν

357 2437 497 2505 ῥῖνα·
541 2434 782 2512 ἰδόμενοι
807 2434 854 2494 δ’
882 2437 938 2494 οἱ
973 2433 1168 2494 λοιποὶ
1196 2437 1307 2494 τῶν
1333 2433 1666 2515 Αἰγυπτίων,
1695 2430 1750 2492 οἳ
1781 2432 1863 2492 ἔτι
1886 2433 1965 2494 vd.

357 2521 564 2581 ἐκείνου
618 2521 901 2599 ἐφρόνεον,
957 2520 1132 2600 ἄνδρα
1182 2519 1284 2583 τᾶν
1329 2519 1708 2599 δοκιμώτατον
1748 2524 1965 2581 ἑωυτῶν

361 2609 500 2666 οὕτω
536 2612 784 2688 αἰσχρῶς
816 2609 970 2688 λύμῃ
1011 2609 1372 2687 διακείμενον,
1403 2608 1602 2669 οὐδένα
1641 2608 1710 2684 δή
1751 2606 1965 2687 χρόνον

357 2686 682 2775 ἐπισχόντες
717 2695 1025 2758 ἀπιστέατο
1057 2697 1203 2776 πρός
1234 2697 1365 2761 τούς
1399 2697 1632 2775 ἐτέρους,
1660 2696 1753 2756 καὶ
1789 2695 1965 2755 ἐδίδο-

269 2785 377 2841 11'33
397 2807 507 2841 σαν
567 2783 751 2859 σφέας
803 2782 1003 2848 αὐτοῦς
1057 2783 1288 2862 Ἀμάσι.
1375 2783 1703 2862 Πυθόμενος
1754 2783 1817 2844 δὲ
1869 2783 1966 2842 καὶ

357 2873 531 2929 ταῦτα
555 2870 588 2930 ὁ
610 2870 862 2948 Ἀπρίης,
891 2870 1100 2943 ὥπλιζε
1124 2871 1254 2937 τούς
1282 2872 1605 2949 ἐπικούρους
1632 2871 1725 2932 καὶ
1749 2870 1965 2948 ἤλαυνε

361 2957 449 3013 ἐπὶ
473 2956 601 3021 τούς
624 2959 979 3037 Αἰγυπτίους·
1022 2958 1141 3039 εἶχε
1180 2959 1241 3019 δὲ
1268 2961 1406 3038 ,περὶ
1442 2959 1643 3020 ἑωυτὸν
1676 2957 1875 3034 Κᾶράς
1899 2983 1964 3018 τε

357 3045 449 3101 καὶ
473 3044 667 3106 Ἴωνας
701 3043 904 3122 ἄνδρας
933 3045 1255 3124 ἐπικούρους
1287 3047 1666 3123 τρισμυρίους·
1709 3045 1782 3121 ἦν
1812 3045 1878 3105 δέ
1908 3048 1963 3105 οἰ

353 3129 425 3189 ταὶ
449 3130 733 3205 βασιλήῖα
760 3136 818 3191 ἐν
845 3131 955 3197 Σάῖ
977 3133 1133 3208 πόλι,
1162 3133 1389 3214 μεγάλα
1422 3132 1584 3193 ε’όντα
1616 3133 1711 3192 καὶ
1745 3131 1963 3202 ἀξιοθέ-

353 3241 481 3289 ητα.
560 3216 653 3275 καὶ
699 3218 761 3277 οἵ
793 3243 857 3279 τε
895 3220 1024 3297 περὶ
1063 3220 1165 3281 τόν
1204 3218 1443 3295 Ἀπρίην
1482 3220 1575 3279 ἐπὶ
1618 3218 1749 3283 τοῦς
1790 3222 1963 3300 Αἰγυ-
