2184 3517
336 114 399 160 36
944 113 1311 164 ἨΡΟΔΟΤΟΤ
1873 106 1942 174 [L

337 194 527 269 Μῆδοι
567 194 691 253 ἐπεί
722 219 786 254 τε
825 193 970 255 εἶδον
1008 192 1179 254 νύκτα
1218 192 1342 253 οἷντὶ
1379 192 1595 270 ἦμέρης
1623 189 1942 272 γινομένην,

331 284 433 357 τῆς
461 281 647 361 μάχης
683 307 747 342 τε
781 281 1114 352 ἐπαύσαντο,
1157 281 1251 340 καὶ
1287 279 1518 357 μᾶλλόν
1556 305 1613 339 τι
1656 280 1947 338 ἔσπευσαν

334 369 427 427 καὶ
475 369 788 449 ἀμφότεροι
830 369 1057 446 ,εἰρήνην
1104 371 1360 429 ἑωυτοῖσι
1406 368 1698 449 γενέσθαι.
1783 369 1840 426 οἱ
1885 365 1947 425 δὲ

333 456 807 534 συμβιβάσαντες
847 455 1048 539 αὐτούς
1085 455 1238 533 ἦσαν
1279 455 1414 515 οἵδε·
1470 455 1770 520 Συέννεσίς
1807 479 1874 513 τε
1910 452 1947 514 ὅ

334 545 512 614 Κίλιξ
534 546 626 604 καὶ
654 544 988 622 Λαβύνητος
1017 544 1050 604 ὁ
1077 543 1463 621 Βαβυλώνιος·
1507 540 1669 603 οὗτοί
1698 547 1814 619 σφι
1850 542 1947 602 καὶ

332 631 401 691 vd
435 632 622 709 ὅρκιον
654 636 707 693 οἱ
742 632 1088 695 σπεύσαντες
1122 632 1389 712 γενέσθαι
1424 630 1576 707 ἦσαν
1614 631 1708 689 καὶ
1744 629 1945 712 γάμων

333 719 709 802 ἐπαλλαγῆν’
682 721 972 797 εποίησαν·
1003 719 1315 779 Ἀλυάττεα
1340 745 1452 801 γαρ
1476 720 1728 800 ἔγνωσαν
1748 719 1945 778 δοῦναι

331 804 437 882 τῆν
452 807 759 889 θυγατέρα’
761 807 1003 885 Αρύηνιν
1016 806 1319 889 Ἀστυάγεϊ
1336 834 1414 886 τω
1385 806 1741 885 Κυαξάρεω
1761 806 1943 865 παιδί.

332 892 461 953 ἄνευ
483 895 595 975 γοῖρ
620 895 921 1005 ἀναγκαίης
954 898 1191 974 ἰσχυρῆς
1225 893 1597 972 συμβάσιες
1578 894 1811 973 ισχυραὶ
1838 892 1943 953 ούκ

332 982 596 1043 ἐθέλουσι
638 984 957 1062 συμμένειν.
1039 982 1201 1060 ὅρκια
1247 984 1308 1042 δὲ
1351 982 1599 1043 ποιέεται
1644 986 1824 1042 ταῦτα
1866 1007 1943 1041 τα

331 1070 490 1129 ἔθνεα
513 1070 586 1131 τά
608 1097 716 1149 περ
740 1097 805 1131 τε
824 1070 1123 1148 ιι’·Ελληνες
1164 1069 1259 1130 καὶ
1289 1096 1434 1147 προς
1466 1069 1739 1138 τούτοισι,
1771 1070 1943 1130 ἐπεαν

328 1156 458 1221 τοῦς
493 1161 804 1240 βραχίονας
838 1156 1210 1236 ἐπιτάμωνται
1250 1163 1307 1222 ἐς
1343 1157 1449 1233 τῆν
1486 1156 1837 1238 ὅμοχροιΐην,
1869 1156 1950 1242 τὰ.

332 1245 471 1322 αἷμα
495 1246 858 1327 ἀναλείχουσι
882 1246 1170 1323 ἀλλήλων.

237 1330 315 1393 75
412 1338 623 1394 Τοῦτον
648 1334 716 1411 δὴ
745 1333 820 1395 ὧν
843 1333 943 1394 τᾶν
966 1332 1287 1415 Ἀστυάγεα
1312 1335 1515 1411 Κῦρος,
1538 1333 1703 1395 ἐόντα
1731 1338 1942 1395 ἐωυτοῦ

330 1421 746 1500 μητροπάτορα,
779 1420 1303 1500 καταστρεψάμενος
1341 1422 1477 1501 ἔσχε
1512 1420 1580 1481 δι’
1615 1424 1799 1499 αἰτίην
1832 1421 1944 1500 τήν

331 1507 440 1588 ἐγῶ
477 1513 537 1569 ἐν
569 1514 724 1569 τοῖσι
757 1507 941 1569 όπίσω
976 1508 1206 1590 λόγοισι
1245 1511 1528 1587 σημανέω·
1567 1509 1641 1571 τοὶ
1682 1514 1945 1586 Κροῖσος

333 1596 783 1675 ἐπιμεμφόμενος
807 1601 885 1676 τῷ
910 1595 1094 1675 Κύρῳ,
1118 1597 1170 1660 ἔς
1194 1622 1257 1657 τε
1279 1596 1353 1658 τοὶ
1371 1597 1696 1677 χρηστήρια
1722 1600 1946 1677 ἔπεμπε

333 1686 381 1743 εἰ
415 1684 783 1761 στρατεύηται
824 1685 914 1744 ἐπὶ
948 1684 1195 1761 Πέρσας,
1230 1685 1323 1744 καὶ
1362 1684 1431 1761 δῆ
1467 1686 1560 1744 καὶ
1594 1685 1946 1765 ἀπικομένου

329 1775 595 1850 χρησμοῦ
614 1773 891 1849 κιβδήλου
912 1772 1153 1835 ἐλπίσας
1169 1770 1312 1850 πρὸς
1332 1776 1533 1833 ἑωυτοῦ
1550 1773 1652 1835 τόν
1668 1775 1944 1854 χρησμόν

333 1858 488 1928 εἶναι,
524 1858 882 1937 ἐστρατεύετο
923 1864 978 1923 ἐς
1014 1859 1119 1936 τήν
1150 1861 1419 1938 Περσέων
1452 1864 1677 1939 μοῖραν.
1762 1862 1834 1926 ὥς
1877 1863 1941 1925 δὲ

331 1944 562 2005 ἀπίκετο
587 1948 679 2007 ἐπὶ
702 1947 802 2008 τὸν
815 1947 999 2007 Ἀλυν
1021 1947 1277 2025 ποταμὸν
1301 1947 1334 2008 δ
1362 1951 1630 2026 Κροῖσος,
1656 1947 1724 2010 τό
1752 1951 1941 2030 ἐνθεῦ-

329 2058 439 2103 τεν,
483 2033 554 2097 ὥς
595 2037 700 2112 μὲν
739 2034 847 2117 ἐγώ
891 2035 1056 2117 λέγω,
1098 2033 1240 2095 καταῖ
1265 2034 1386 2099 ,τὰς
1433 2035 1637 2101 ἐούσας
1681 2037 1943 2118 γεφύρας

330 2121 635 2197 διεβίβασε
662 2123 763 2184 τᾶν
788 2121 1048 2201 στρατόν·
1090 2122 1164 2186 ὥς
1196 2122 1256 2182 δὲ
1286 2122 1319 2183 ὁ
1351 2123 1572 2189 πολλὰς
1601 2124 1777 2206 λόγος
1800 2124 1941 2186 Ἐλ-

331 2208 531 2283 λήνων,
551 2214 745 2288 Θαλῆς
765 2214 818 2271 οἱ
844 2211 876 2272 ὁ
896 2209 1186 2286 Μιλήσιος
1211 2211 1533 2287 διεβίβασε.
1596 2211 1941 2289 ἀπορέοντος

329 2296 442 2378 γὰρ
488 2299 743 2375 Κροίσου
787 2298 925 2363 ὅκως
971 2302 1025 2358 οἶ
1071 2297 1407 2374 διαβήσεται
1451 2296 1556 2359 τᾶν
1600 2299 1861 2377 ποταμόν
1901 2301 1940 2362 ὅ

333 2385 590 2462 στρατός,
615 2386 705 2467 (ού
729 2387 840 2469 γὰρ
865 2386 934 2463 δὴ
968 2385 1113 2448 εἶναί
1141 2412 1216 2445 κω
1247 2390 1446 2447 τοῦτον
1469 2386 1571 2446 τὸν
1596 2379 1803 2465 χρόνον
1832 2389 1942 2453 τάς

330 2472 581 2552 γεφύρας
601 2474 844 2557 ταύτας,)
870 2475 1096 2555 λέγεται
1118 2471 1397 2550 παρεόντα
1419 2473 1520 2534 τὸν
1546 2477 1747 2550 Θαλῆν
1773 2479 1835 2535 ἐν
1860 2482 1946 2556 τῷ

332 2563 706 2640 στρατοπέδῳ,
726 2567 963 2639 ποιῆσαι
989 2561 1135 2640 αὐτῷ
1152 2561 1252 2621 τόν
1270 2561 1527 2637 ποταμὸν
1545 2561 1611 2630 ’ἐξ
1633 2562 1944 2641 ἀριστερῆς

328 2648 514 2727 χειρός
538 2649 737 2725 ῥέοντα
762 2654 862 2709 τοῦ
888 2653 1135 2727 στρατοῦ
1161 2649 1253 2707 καὶ
1279 2653 1339 2707 ἐκ
1360 2648 1541 2724 δεξιῆς
1565 2649 1730 2727 ῥέειν·
1772 2657 1943 2728 ποιῆ-

330 2758 433 2792 σαι
478 2737 538 2795 δὲ
590 2734 712 2795 ὧδε·
765 2736 973 2798 ἄνωθεν
1020 2740 1124 2798 τοῦ
1171 2736 1558 2813 στρατοπέδου
1605 2735 1940 2815 ἀρξάμενον,

329 2820 571 2904 διώρυχα
593 2824 812 2900 βαθέην
837 2824 1103 2902 ὀρύσσειν
1129 2822 1338 2905 ἄγοντα
1363 2824 1673 2901 μηνοειδέα,
1702 2824 1845 2889 ὅκως
1870 2826 1944 2889 ἂν

326 2907 395 2970 τδ
432 2911 811 2990 στρατόπεδον
845 2913 1131 2991 ἱδρυμένον
1163 2909 1304 2970 κατοί
1340 2910 1513 2971 νώτου
1544 2910 1726 2988 λάβοι
1759 2914 1943 2995 ταύτῃ

329 2998 472 3080 κατοὶ
521 3000 627 3077 τήν
670 2998 911 3080 διώρυχα
965 2997 1369 3076 ἐκτραπόμενος
1421 3004 1482 3057 ἐκ
1533 3002 1645 3059 τῶν
1689 3002 1943 3080 αρχαίων

326 3087 580 3165 ῥεέθρων,
609 3088 703 3148 καὶ
739 3086 892 3150 αὖτις
925 3083 1414 3164 παραμειβόμενος
1444 3083 1513 3146 τό
1548 3089 1943 3162 στρατόπεδον

330 3175 388 3235 ἔς
419 3174 490 3235 τὰ
521 3176 730 3255 οἷρχαῖα
761 3175 1066 3250 ἐσβάλλοι·
1111 3172 1273 3241 ὥστε,
1301 3173 1424 3231 ἐπεί
1453 3198 1517 3232 τε
1555 3175 1647 3232 καὶ
1682 3176 1941 3254 ἐσχίσθη

324 3259 572 3340 τάχιστα
596 3263 628 3323 ὁ
655 3262 925 3340 ποταμὸς,
951 3260 1247 3340 ἀμφοτέρῃ
1275 3258 1547 3335 διαβατὸς
1573 3262 1815 3343 ἐγένετο.
1883 3267 1942 3325 οἶ
