2184 3517
211 103 506 179 157—161]
917 112 1144 165 mmo.
1760 115 1825 169 79

217 191 378 254 δόναι
403 189 676 269 Πακτύην
696 192 983 272 Πέρσῃσι·
1021 191 1166 271 πρός
1189 197 1365 254 ταῦτα
1391 193 1423 254 ὁ
1447 192 1828 273 Ἀριστόδικος

220 286 281 340 ἐκ
322 282 593 359 προνοίης
639 281 819 340 ἐποίεε
858 280 1008 341 τάδε·
1065 281 1289 359 περιῖων
1329 308 1427 342 τον
1471 281 1603 359 νηόν
1644 281 1827 363 κύκλῳ

220 369 436 447 ἐξαίρεε
473 369 603 433 τούς
634 368 943 447 στρουθούς
980 371 1070 429 καὶ
1104 368 1266 428 ἄλλα
1299 369 1411 430 ὅσα
1441 369 1511 446 ἦν
1535 396 1828 432 νενοσσευ-

216 457 364 535 μένα
403 455 641 536 ὀρνίθων
675 458 841 539 γένεα
882 462 939 517 ἐν
974 461 1053 536 τῷ
1086 461 1214 537 νηῷ·
1255 458 1541 522 ποιέοντος
1573 459 1633 518 δὲ
1659 458 1829 519 αὐτοῦ

217 548 416 616 ταῦτα,
459 546 687 627 λέγεται
728 544 921 622 φωνὴν
957 549 1017 604 ἐκ
1056 549 1158 604 τοῦ
1189 543 1392 606 οἶδύτου
1419 547 1700 628 γενέσθαι,
1729 547 1830 623 φέ-

218 658 442 710 ρουσαν
459 636 564 710 μὲν
588 631 730 711 πρός
755 631 856 693 τᾶν
880 631 1269 711 Ἀριστόδικον
1292 633 1575 715 λέγουσαν
1600 633 1828 695 δὲτάδε·

221 719 610 795 ’σᾶνοσιώ-τατε
635 719 951 798 ἀνθρώπων,
966 720 1027 780 τί
1046 720 1180 780 τάδε
1202 725 1420 801 τολμᾷς
1432 723 1673 793 ποιέειν;
1699 722 1829 787 τούς

222 808 411 873 ἱκέτας
445 834 557 887 μου
593 813 654 869 ἐκ
685 812 786 868 τοῦ
816 812 951 885 νηοῦ
979 808 1243 887 κεραΐζεις
1261 808 1308 879 ;”
1347 808 1733 888 Ἀριστόδικον
1767 810 1828 871 δὲ

222 895 325 957 ούκ
362 895 748 976 ἀπορήσαντα,
785 897 928 975 πρὸς
966 901 1144 958 ταῦτα
1181 899 1371 958 εἰπεῖν·
1416 907 1454 933 “
1468 897 1628 970 ὦναξ,
1662 898 1830 963 auh-65·

219 987 327 1062 μὲν
375 984 520 1045 οὕτω
559 988 714 1046 τοῖσι
757 985 973 1065 ἱκέτῃσι
1008 985 1285 1063 βοηθέεις,
1325 986 1614 1064 Κυμαίους
1651 987 1712 1047 δὲ
1743 1012 1828 1047 κε-

219 1072 406 1137 λεύεις
458 1072 559 1134 τόν
601 1073 785 1150 ἶκέτην
828 1072 1099 1134 ἐκδιδόναι
1118 1072 1166 1143 ;”
1222 1072 1323 1134 τᾶν
1364 1073 1425 1133 δὲ
1478 1073 1633 1138 αὖτις
1675 1073 1829 1152 οἷμεί-

221 1161 452 1238 ψασθαι
487 1161 698 1221 τοῖσδε·
753 1170 789 1197 “
804 1162 895 1222 ναὶ
935 1160 1157 1232 κελεύω,
1199 1161 1288 1223 ἵνα
1325 1185 1395 1243 γε
1434 1159 1827 1238 ἀσεβήσαντες

222 1249 454 1310 θᾶσσον
492 1248 809 1326 ἀπόλησθε·
862 1249 935 1313 ὥς
973 1249 1055 1327 μὴ
1096 1249 1164 1309 τό
1205 1248 1410 1310 λοιπόν
1441 1249 1570 1326 περὶ
1612 1249 1829 1310 ἱκετέων

222 1336 481 1400 ἐκδόσιος
523 1338 725 1415 ἔλθητε
761 1336 854 1397 ἐπὶ
901 1337 968 1398 τό
1020 1335 1416 1417 χρηστήριον.”
1481 1341 1670 1397 Ταῦτα
1717 1336 1787 1401 ὦς
1806 1338 1923 1398 160

223 1423 622 1504 ἀπενειχθέντα
660 1423 912 1501 ἤκουσαν
955 1428 1010 1485 οἶ
1063 1429 1330 1503 Κυμαῖοι,
1376 1424 1442 1485 οὗ
1485 1424 1830 1504 βουλόμενοι

224 1511 356 1574 οὔτε
382 1513 630 1577 ἐκδόντες
660 1512 978 1574 ἀπολέσθαι
1003 1512 1131 1573 οὔτε
1163 1512 1291 1591 παρ’
1322 1516 1575 1574 ἑωυτοῖσι
1611 1514 1831 1594 ἔχοντες

224 1601 679 1679 πολιορκέεσθαι,
714 1605 770 1664 ἐς
799 1599 1133 1678 Μυτιλήνην
1158 1599 1327 1662 αύτόν
1367 1602 1733 1679 ἐκπέμπουσι·
1775 1604 1830 1661 οἱ
1881 1651 1889 1661 .

226 1689 287 1749 δὲ
324 1692 719 1765 Μυτιληναῖοι,
754 1689 1164 1766 ἐπιπέμποντος
1200 1692 1302 1750 τοῦ
1337 1689 1633 1766 Μαζάρεος
1662 1688 1828 1770 ἄγγε-

225 1778 354 1841 λίας
406 1775 679 1838 ἐκδιδόναι
726 1777 828 1840 τόν
867 1775 1152 1854 Πακτύην,
1204 1777 1685 1856 παρεσκευάζοντο
1737 1776 1829 1837 ἐπὶ

223 1866 415 1945 μισθῷ
442 1865 560 1945 ὅσῳ
585 1865 674 1941 δή·
717 1863 782 1925 ού
805 1865 916 1947 γὰρ
944 1866 1053 1944 ἔχω
1076 1864 1244 1926 τοῦτό
1263 1890 1330 1947 γε
1353 1869 1522 1926 εἰπεῖν
1542 1864 1829 1944 α’τρεκέως·

225 1953 291 2015 οὗ
321 1954 435 2035 γὰρ
478 1952 769 2030 ἐτελεώθη·
824 1955 1074 2030 Κυμαῖοι
1117 1952 1229 2036 γὰρ
1282 1952 1354 2018 ὥς
1399 1954 1608 2030 ἔμαθον
1651 1958 1830 2015 ταῦτα

224 2041 599 2121 πρησσόμενα
627 2045 687 2101 ἐκ
712 2044 822 2101 τῶν
847 2041 1258 2117 Μυτιληναίων,
1278 2041 1599 2120 πέμψαντες
1622 2044 1829 2103 πλοῖον

228 2133 282 2194 ἐς
313 2131 553 2207 Λέσβον
589 2130 946 2206 ἐκκομίζουσι
982 2129 1250 2206 Πακτύην
1281 2135 1338 2193 ἐς
1373 2131 1537 2190 Χίον·
1578 2131 1829 2191 ἐνθεῦτεν

226 2217 300 2288 δὲ,
341 2218 406 2288 ἐξ
430 2221 553 2296 ἱροῦ
591 2215 891 2294 Ἀθηναίης
928 2216 1258 2295 Πολιούχου
1289 2217 1683 2288 ἀποσπασθεὶς
1717 2216 1828 2278 ὖπό

225 2308 377 2367 Χίων
409 2303 657 2382 ἐξεδόθη·
698 2304 965 2374 ἐξέδοσαν
997 2305 1057 2364 δὲ
1094 2307 1148 2364 οἱ
1177 2307 1313 2364 Χῖοι
1347 2305 1438 2365 ἐπὶ
1461 2308 1539 2384 τῷ
1572 2302 1831 2381 Ἀταρνέῑ

223 2394 429 2473 μισθῷ·
490 2397 592 2453 τοῦ
634 2392 695 2452 δὲ
737 2391 1035 2470 Ἀταρνέος
1077 2386 1282 2452 τούτου
1331 2392 1455 2451 ἐστὶ
1505 2393 1685 2470 χῶρος
1723 2394 1826 2468 τῆς

225 2482 470 2558 Μυσίης,
512 2480 753 2558 Λέσβου
790 2479 993 2545 α’ντίος.
1061 2477 1331 2555 Πακτύην
1366 2478 1472 2557 μέν
1509 2503 1606 2539 νυν
1649 2504 1826 2556 παρα-

224 2567 516 2647 δεξάμενοι
566 2571 619 2627 οἱ
670 2569 897 2647 Πέρσαι
949 2567 1103 2648 εἶχον
1156 2572 1215 2627 ἐν
1269 2570 1516 2647 φυλακῇ,
1568 2567 1828 2631 θέλοντες

225 2655 393 2737 Κύρῳ
435 2655 724 2727 ἀποδέξαι.
791 2655 862 2732 ἦν
908 2655 968 2716 δὲ
1009 2653 1214 2735 χρόνος
1265 2654 1425 2719 οὗτος
1477 2654 1577 2715 οὐκ
1627 2654 1821 2738 ὀλίγος

220 2745 535 2825 γενόμενος,
562 2744 657 2805 ὅτε
691 2746 845 2805 Χίων
875 2743 1051 2808 οὐδεὶς
1082 2747 1144 2803 ἐκ
1174 2748 1277 2804 τοῦ
1307 2743 1604 2821 Ἀταρνέος
1624 2742 1825 2805 τούτου

222 2830 347 2893 οὔτε
391 2832 567 2897 ούλάς
608 2834 810 2911 κριθῶν
845 2830 1128 2912 πρόχυσιν
1174 2832 1420 2892 ἐποιέετο
1458 2833 1596 2893 θεῶν
1627 2831 1822 2902 οὐδενὶ,

221 2918 347 2981 οὔτε
383 2921 656 2998 πέμματα
696 2920 973 2988 ἐπέσσετο
1010 2922 1227 2998 καρποῦ
1251 2923 1354 2980 τοῦ
1379 2920 1644 2989 ἐνθεῦτεν,
1669 2918 1824 2977 α’πεί-

219 3007 355 3086 χετό
392 3033 456 3069 τε
496 3012 609 3069 τῶν
641 3006 863 3069 πάντων
905 3010 1036 3086 ἱρῶν
1072 3006 1147 3067 τοὶ
1184 3005 1369 3068 πάντα
1406 3010 1469 3066 ἐκ
1506 3010 1607 3081 τῆς
1635 3002 1822 3083 χώρης

218 3094 424 3172 ταύτης
447 3093 734 3176 γινόμενα.

298 3187 436 3244 Χῖοι
469 3182 576 3261 μέν
604 3208 704 3245 νυν
739 3180 1011 3258 Πακτύην
1041 3180 1327 3251 ἐξέδοσαν.
1408 3177 1681 3256 Μαζάρης
1717 3176 1779 3239 δὲ
1799 3178 1911 3239 161

214 3269 362 3347 μετὰ
385 3273 565 3332 ταῦτα
580 3267 946 3349 ἐστρατεύετο
962 3268 1055 3328 ἐπὶ
1068 3265 1200 3330 τούς
1213 3265 1819 3344 συμπολιορκήσαντας
