2184 3517
229 101 458 170 84—88]
813 106 1266 160 ΜΕΛΠΟΜΕΝΗ.
1734 110 1832 161 81⁵

229 183 501 264 ὀργυιέων
557 185 824 265 γίνονται·
884 192 946 246 ἐκ
997 187 1059 247 δὲ
1115 190 1227 247 τῶν
1286 185 1551 268 ὀργυιέων
1598 186 1835 249 τουτέων

231 270 460 344 στάδιοι
507 272 704 334 ἑκατὸν
750 273 843 333 καὶ
889 274 1068 353 χιἍιοι
1114 274 1206 332 καὶ
1249 273 1443 351 μύριοί
1479 278 1610 335 εἶσι.
1679 280 1734 339 ἔς
1776 274 1836 335 δὲ

231 357 593 436 Θεμισκύρην
642 359 748 435 τήν
801 361 892 420 ἐπὶ
944 359 1296 438 Θερμώδοντι
1345 366 1580 440 ποταμῷ
1631 367 1691 421 ἐκ
1735 365 1837 438 τῆς

233 446 717 522 Σινδικῆς-κατὰ
740 450 906 509 τοῦτο
933 448 1044 529 γάρ
1079 453 1205 509 ἐστι
1235 452 1337 509 τοῦ
1369 448 1591 509 Πόντου
1618 448 1861 526 εὖρότα-·

230 537 581 611 τον-τριῶν
602 559 666 594 τε
689 533 937 613 ἡμερέων
963 536 1056 595 καὶ
1081 535 1181 596 δύο
1205 539 1413 596 νυκτῶν
1437 536 1633 600 πλόος·
1673 533 1836 597 αὗται
1885 600 1902 611 „

233 620 302 680 δὲ
337 625 485 699 τρεῖς
521 622 781 699 μυριάδες
820 624 914 683 καὶ
948 623 1247 701 τριήκοντα
1280 623 1541 706 ὀργυιέων
1570 624 1835 706 γίνονται,

233 708 461 768 στάδιοι
506 709 568 768 δὲ
611 709 926 788 τριηκόσιοι
971 711 1064 770 καὶ
1108 712 1436 790 τρισχίλιοι.
1517 710 1552 773 ὀ
1594 712 1699 789 μέν
1741 737 1836 773 νυν

235 794 462 860 Πόντος
502 793 664 861 οὗτος
703 797 796 857 καὶ
834 797 1134 875 Βόσπορός
1169 823 1233 858 τε
1273 798 1367 857 καὶ
1409 797 1837 874 Ἑλλήσποντος

233 883 384 944 οὕτω
433 885 501 945 τέ
552 908 653 961 μοι
705 886 1088 963 μεμετρέαται,
1132 886 1226 944 καὶ
1278 885 1420 946 κατοὶ
1463 885 1535 946 τοὶ
1581 886 1838 963 εἰρημένα

234 969 580 1051 πεφύκασι.)
655 974 960 1053 παρέχεται
1011 972 1072 1032 δὲ
1133 972 1227 1032 καὶ
1275 973 1483 1049 λίμνην
1534 972 1567 1033 ὅ
1619 973 1837 1038 Πόντος

235 1055 402 1124 οὗτος
440 1058 766 1120 ἐκδιδοῦσαν
803 1065 859 1125 ἐς
891 1058 1109 1129 ἔωυτόν,
1136 1057 1203 1118 οὗ
1240 1063 1441 1139 πολλῷ
1470 1061 1575 1138 τέῳ
1607 1058 1837 1119 ε’λάσσω

237 1148 460 1219 ἑωυτοῦ,
511 1144 553 1223 ἢ
604 1148 849 1222 Μαιῆτίς
910 1170 976 1208 τε
1041 1146 1303 1207 καλέεται
1355 1147 1449 1207 καὶ
1497 1147 1682 1225 μήτηρ
1732 1150 1835 1208 τοῦ

237 1226 482 1289 Πόντου.

321 1313 390 1375 ‘O
431 1317 493 1378 δὲ
539 1322 775 1395 Δαρεῖος
814 1315 886 1381 ὥς
925 1314 1211 1393 ε’θηήσατο
1248 1313 1350 1376 τόν
1387 1311 1626 1386 Πόντον,
1671 1314 1835 1375 ἔπλεε
1852 1315 1925 1375 87

236 1398 426 1463 ὀπίσω
452 1406 545 1465 ε’πὶ
567 1404 673 1480 τήν
694 1407 949 1487 γέφυραν
965 1408 1068 1481 τῆς
1086 1403 1424 1482 ἀρχιτέκτων
1440 1401 1658 1482 ἐγένετο
1677 1407 1833 1463 Μαν-

236 1487 510 1568 δροκλέης
536 1491 766 1570 Σάμιος·
808 1491 1162 1568 θηησάμενος
1188 1490 1249 1549 δὲ
1274 1490 1367 1548 καὶ
1388 1488 1489 1550 τόν
1517 1486 1837 1567 Βόσπορον,

237 1577 462 1653 στήλας
493 1580 701 1658 ἔστησε
731 1578 831 1640 δύο
867 1578 950 1639 ἐπ’
979 1577 1126 1657 αὐτῷ
1156 1577 1321 1638 λίθου
1345 1579 1618 1646 λευκοῦ,’
1591 1601 1838 1655 ενταμων

235 1664 545 1744 γράμματα
571 1672 627 1731 ἐς
655 1665 769 1745 μὲν
784 1664 891 1742 τήν
912 1665 1197 1741 Ἀσσύρια
1221 1668 1275 1727 ἔς
1301 1664 1360 1724 δὲ
1383 1663 1488 1741 τήν
1509 1661 1836 1740 Ἑλληνικαὶ,

238 1753 401 1813 ἔθνεα
435 1754 620 1816 πάντα
655 1753 873 1831 ὅσαπερ
913 1752 1036 1834 ἦγε·
1077 1751 1183 1834 ἦγε
1219 1751 1281 1811 δὲ
1319 1750 1503 1813 πάντα
1535 1752 1647 1811 τῶν
1677 1750 1837 1831 ἦρχε·

236 1839 452 1903 τούτων
474 1840 733 1921 μυριάδες
759 1838 1231 1918 ἐξηριθμήθησαν,
1247 1840 1416 1918 χωρὶς
1437 1841 1540 1899 τοῦ
1563 1843 1836 1910 ναυτικοῦ,

239 1928 631 2007 ἐβδομήκοντα
670 1955 779 1991 συν
815 1932 1066 1990 ἱππεῦσι·
1124 1928 1241 1990 νέες
1279 1926 1341 1986 δὲ
1377 1924 1663 1996 εξακόσιαι
1707 1947 1839 1987 συν·

241 2017 582 2097 ελέχθησαν.
619 2021 756 2098 τῇσι
780 2018 886 2095 μέν
903 2041 1003 2077 νυν
1019 2015 1275 2094 στήλῃσι
1292 2013 1529 2093 ταύτῃσι
1547 2012 1841 2085 Βυζάντιοι

240 2107 575 2182 κομίσαντες
608 2109 665 2170 ἐς
699 2105 806 2182 τήν
830 2102 1060 2166 πόλιν”
1025 2127 1264 2181 υστερον
1286 2099 1495 2161 τούτων
1520 2100 1839 2180 ἐχρήσαντο

237 2217 384 2269 προς
415 2194 518 2254 τόν
556 2191 756 2271 βωμόν
798 2197 901 2267 τῆς
939 2190 1255 2268 Ὀρθωσίης
1291 2187 1631 2265 Ἀρτέμιδος,
1671 2190 1840 2268 χωρὶς

238 2280 362 2345 ἔνός
387 2280 570 2343 λίθου·
606 2278 768 2345 οὗτος
793 2280 853 2340 δὲ
880 2278 1223 2354 κατελείφθη
1248 2274 1403 2353 παροὶ
1425 2277 1529 2335 τοῦ
1555 2274 1839 2338 Διονύσου

234 2368 340 2429 τόν
361 2368 498 2443 νηόν
521 2373 579 2429 ἔν
605 2367 903 2447 Βυζαντίῳ,
926 2363 1269 2447 γραμμάτων
1300 2361 1618 2440 Ἀσσυρίων
1643 2363 1837 2428 πλέος.

234 2459 342 2515 τοῦ
397 2456 460 2515 δὲ
516 2454 820 2531 Βοσπόρου
873 2453 907 2514 ὀ
966 2457 1148 2533 χῶρος
1189 2450 1293 2512 τόν
1335 2448 1515 2521 ἔζευξε
1558 2449 1837 2526 βασιλεῦς

237 2545 497 2620 Δαρεῖος,
525 2541 598 2607 ὥς
620 2542 745 2620 ε’μοὶ
773 2540 981 2601 δοκέειν
1007 2537 1484 2618 συμβαλλομένῳ,
1509 2536 1689 2614 μέσον
1713 2537 1836 2599 ε’στὶ

237 2629 546 2701 Βυζαντίου
569 2655 632 2691 τε
658 2630 752 2689 καὶ
774 2631 875 2689 τοῦ
901 2627 993 2688 ἐπὶ
1018 2627 1262 2704 στόματι
1288 2629 1423 2704 ἱροῦ.

323 2720 562 2795 Δαρεῖος
613 2717 675 2777 δὲ
716 2715 863 2795 μετὰ
905 2718 1099 2787 ταῦτα,
1134 2714 1330 2791 ἡσθεὶς
1366 2718 1438 2794 τῇ
1484 2714 1701 2794 σχεδίῃ,
1737 2712 1838 2777 τόν
1854 2714 1931 2773 88

234 2804 606 2885 ἆρχιτέκτονα
646 2803 819 2881 αὐτῆς
849 2802 1226 2880 Μανδροκλέα
1262 2801 1362 2862 τὸν
1389 2801 1603 2880 Σάμιον
1639 2799 1837 2910 ,ἐδωρή-

235 2919 390 2955 σατο
428 2896 576 2955 πᾶσι
615 2893 765 2953 δέκα·
807 2889 902 2950 ἀπ’
931 2917 1005 2951 ων
1039 2890 1109 2965 δὴ
1136 2889 1538 2965 Μανδροκλέης
1576 2887 1839 2967 α’παρχῆν

235 2983 356 3053 ζῶα
392 2979 753 3062 γραψάμενος
790 3003 986 3038 πασαν
1023 3001 1129 3052 την
1166 2975 1346 3046 ζεῦξιν
1375 2979 1476 3036 τοῦ
1515 2974 1837 3053 Βοσπόρου,

237 3069 337 3129 καὶ
360 3068 617 3145 βασιλέα
639 3092 702 3127 τε
728 3068 970 3143 Δαρεῖον
1006 3068 1064 3124 ἐν
1089 3061 1381 3168 προεδρίῃ
1391 3062 1715 3139 κατήμενον,
1743 3062 1837 3121 καὶ

233 3156 343 3218 τόν
378 3153 626 3233 στρατὸν
661 3152 832 3215 αὐτοῦ
867 3150 1245 3227 διαβαίνοντα,
1275 3152 1452 3208 ταῦτα
1484 3148 1842 3230 γραφόμενος

234 3243 478 3320 α’νέθηκε
504 3247 561 3305 ἔς
584 3242 651 3302 τὰ
666 3241 928 3309 Ἧσαιον,
953 3235 1266 3318 ἐπιγράψας
1288 3234 1439 3296 τάδε·
