2184 3517
280 93 377 142 282
888 93 1260 143 ἯΡοΔοΤοτ
1758 88 1885 155 [IV.

199 206 205 211 -
276 168 476 248 χώρης,
509 168 609 229 οὔκ
649 168 742 229 οἶά
774 195 837 230 τε
878 170 1018 230 εἶναι
1062 170 1142 230 ἔτι
1181 169 1519 246 προσωτέρω
1567 165 1698 228 οὔτε
1746 166 1890 245 ὄρᾶν

278 256 402 320 οὔτε
439 257 707 327 διεξιέναι,
744 256 855 317 find
894 262 1112 334 πτερῶν
1146 257 1477 335 κεχυμένων·
1519 257 1739 331 πτερῶν
1771 253 1890 335 γαῖρ

282 345 374 403 καὶ
412 345 516 420 τῆν
560 348 670 424 γῆν
703 345 794 403 καὶ
835 343 935 405 τᾶν
974 344 1115 422 ἠέρα
1160 344 1299 405 εἶναι
1341 344 1536 413 πλέον,
1583 342 1677 401 καὶ
1716 345 1899 402 ταῦτα

281 432 420 493 εἶναι
444 431 516 492 τοὶ
542 431 926 508 ἀποκληίοντα
950 433 1054 506 τὴν
1082 431 1234 509 ὄψιν.

229 521 266 578 8
368 518 577 583 Σκύθαι
617 522 722 595 μὲν
766 517 868 578 ὦδε
909 518 1048 596 ὑπὲρ
1085 519 1282 595 σφέων
1314 543 1377 579 τε
1417 516 1615 588 αὐτῶν,
1659 516 1753 576 καὶ
1790 520 1901 593 τῆς

283 605 467 686 χώρης
490 610 593 683 τῆς
625 605 934 684 κατύπερθε
973 607 1231 687 λέγουσι·
1270 604 1563 680 Ἑλλήνων
1605 605 1665 663 δὲ
1705 607 1761 664 οἶ
1794 603 1902 664 τᾶν

286 694 509 754 Πόντον
561 694 834 756 οἰκέοντες
887 692 1009 755 ὦδε·
1090 693 1383 770 Ἡρακλέα
1437 691 1743 752 ἐλαύνοντα
1793 690 1901 755 τὰς

287 780 574 857 Γηρυόνεω
625 782 768 858 βοῦς
821 780 1127 842 ἀπικέσθαι
1179 785 1235 845 ἐς
1280 783 1391 861 γῆν
1441 779 1648 855 ταύτην
1691 783 1901 839 ἐοῦσαν

288 868 513 947 ἐρήμην,
551 868 622 946 ἥν
649 894 778 947 τινα
810 872 906 929 νῦν
943 870 1155 934 Σκύθαι
1194 868 1473 945 νέμονται·
1516 866 1802 942 Γηρυόνεα
1836 866 1901 925 δὲ

289 958 484 1018 οἰκέειν
511 958 611 1028 ἔξω
636 961 736 1018 τοῦ
752 956 976 1018 Πόντου
997 956 1396 1033 κατοικημένον
1420 954 1526 1031 τῆν
1545 958 1599 1014 οἱ
1614 954 1903 1030 Ἕλληνες

288 1046 524 1127 λέγουσι
546 1044 836 1122 Ἐρύθειαν
863 1049 1057 1121 νῆσον,
1091 1043 1198 1121 τῆν
1232 1043 1371 1121 πρὸς
1398 1041 1718 1119 Γηδείροισι
1744 1044 1905 1101 τοῖσι

292 1134 392 1203 ἔξω
432 1133 790 1211 Ἡρακληΐων
830 1133 1085 1208 στηλέων
1120 1131 1212 1191 ἐπὶ
1250 1134 1328 1210 τῷ
1364 1130 1626 1209 Ὠκεανῷ·
1675 1129 1800 1208 (τᾶν
1840 1130 1904 1189 δὲ

291 1219 558 1283 Ὠκεανόν
608 1220 763 1302 λόγῳ
802 1223 906 1298 μὲν
945 1221 1184 1301 λέγουσι
1222 1217 1337 1280 ‹in-6
1377 1218 1544 1293 ἦλίου
1585 1215 1905 1278 ἀνατολέων

292 1307 603 1387 ἀρξάμενον
636 1312 745 1389 γῆν
779 1309 910 1386 περὶ
945 1312 1141 1368 πᾶσαν
1181 1307 1341 1384 ῥέειν,
1371 1307 1512 1386 ἔργῳ
1547 1304 1606 1364 δὲ
1633 1303 1735 1364 οὖκ
1762 1303 1905 1365 οἷπο·

295 1396 582 1477 δεικνῦσι·)
624 1396 872 1457 ἐνθεῦτεν
901 1396 1003 1457 τόν
1036 1394 1328 1472 Ἡρακλέα
1362 1392 1668 1453 ἀπικέσθαι
1705 1397 1763 1456 ἐς
1796 1392 1908 1468 τὴν

294 1488 392 1544 νῦν
438 1483 680 1559 Σκυθίην
722 1482 909 1562 χώρην
965 1482 1327 1560 καλεομένην·
1395 1481 1744 1555 καταλαβεῖν
1789 1479 1906 1561 γὰρ

297 1570 465 1632 ank-611
488 1570 735 1650 χειμῶνά
760 1596 823 1651 τε
856 1595 948 1630 και
979 1569 1208 1649 κρυμόν·
1253 1566 1687 1647 ἐπειρυσάμενον
1713 1568 1773 1627 δὲ
1798 1567 1907 1643 τῆν

295 1663 547 1734 λεοντῆν,
576 1663 953 1718 κατυπνῶσαι·
995 1657 1098 1721 τοὶς
1129 1658 1191 1717 δέ
1221 1661 1274 1717 οἶ
1303 1658 1504 1719 ἵππους
1533 1654 1635 1719 τσῖς
1661 1654 1777 1715 οἷπὸ
1803 1660 1907 1715 τοῦ

297 1745 544 1830 ἅρματος
570 1746 873 1823 νεμομένας
900 1751 959 1807 ἐν
984 1746 1161 1825 τούτῳ
1188 1750 1265 1825 τῷ
1291 1746 1490 1824 χρόνῳ,
1517 1744 1908 1821 αφανισθῆναι

246 1838 281 1896 9
303 1836 423 1914 θείῃ
448 1834 610 1914 τύχῃ·
651 1834 749 1898 Ὡς
776 1834 822 1893 δ’
850 1835 1142 1916 ἐγερθῆναι
1167 1833 1268 1895 τᾶν
1291 1833 1596 1910 Ἡρακλέα,
1626 1833 1905 1908 δίζησθαι,

298 1922 482 1984 πάντα
521 1922 582 1982 δὲ
619 1922 691 1982 τοὶ
728 1927 829 1998 τῆς
868 1922 1051 2002 χώρης
1092 1922 1480 1992 ἐπεξελθόντα,
1513 1922 1678 1984 τέλος
1718 1920 1909 1981 οἷπικέ-

302 2012 440 2072 σθαι
480 2015 534 2074 ἐς
570 2009 675 2087 τὴν
713 2010 949 2088 Ὑλαίην
990 2011 1334 2087 καλεομένην
1372 2015 1500 2090 γῆν·
1557 2010 1793 2069 ἐνθαῦτα
1849 2009 1912 2069 δὲ

302 2097 471 2160 αὗτὸν
525 2098 701 2177 εὖρεῖν
754 2103 812 2158 ἐν
854 2099 1033 2177 ἄντρῳ
1072 2097 1484 2176 μιξοπάρθενόν
1522 2123 1647 2157 τινα
1688 2097 1914 2175 ἔχιδναν

302 2188 520 2264 διφυέα·
587 2190 688 2263 τῆς
727 2186 800 2247 τοὶ
837 2190 941 2264 μὲν
979 2185 1096 2247 ἄνω
1136 2185 1251 2247 ‹ia-<3
1291 2189 1402 2246 τῶν
1446 2185 1729 2266 γλουτέων
1770 2184 1913 2244 εἶναι

299 2276 574 2357 γυναικὸς,
600 2275 673 2336 τα
702 2276 762 2335 δὲ
789 2276 1003 2351 ἔνερθεν
1031 2273 1214 2350 ὄφιος·
1259 2272 1444 2334 ἰδόντα
1471 2274 1531 2333 δὲ
1573 2273 1665 2332 καὶ
1693 2274 1913 2350 θωυμά-

303 2391 501 2435 σαντα,
550 2363 875 2442 ἐπείρεσθαί
914 2388 1011 2441 μιν
1052 2363 1103 2422 εἴ
1143 2389 1241 2422 κου
1281 2362 1390 2421 ἴδοι
1439 2362 1642 2425 ἵππους
1689 2365 1913 2421 πλανω-

303 2454 506 2528 μένας;
547 2452 651 2527 τῆν
689 2452 750 2511 δὲ
788 2449 964 2527 φάναι
1001 2449 1207 2525 ἑωυτὴν
1243 2450 1404 2529 ἔχειν,
1443 2451 1536 2508 καὶ
1562 2448 1662 2509 οὐκ
1694 2448 1915 2509 οἷποδῶ-

306 2565 428 2599 σειν
467 2541 649 2618 ἐκείνῳ
689 2540 821 2617 πρὶν
859 2538 896 2614 ἤ
938 2540 992 2598 οἱ
1029 2538 1320 2617 μιχθῆναι·
1373 2536 1473 2597 τᾶν
1519 2537 1581 2596 δὲ
1618 2536 1916 2614 Ἡρακλέα

305 2628 575 2705 μιχθῆναι
607 2628 699 2686 ἐπὶ
737 2631 815 2704 τῷ
849 2627 1037 2705 μισθῷ
1076 2624 1273 2705 τούτῳ·
1315 2625 1499 2701 κείνην
1536 2650 1599 2685 τε
1639 2624 1708 2699 δὴ
1747 2623 1916 2702 ὕπερ-

305 2714 596 2792 βαλέσθαι
628 2713 734 2789 τῆν
774 2713 1050 2774 ἀπόδοσιν
1084 2717 1195 2774 τῶν
1236 2714 1417 2772 ἵππων
1451 2713 1811 2790 βουλομένην
1841 2710 1918 2775 ὦς

308 2805 581 2860 πλεῖστον
631 2800 835 2879 χρόνον
890 2804 1139 2861 συνεῖναι
1194 2804 1272 2879 τῷ
1324 2800 1615 2877 Ἡρακλέϊ,
1670 2799 1762 2858 καὶ
1814 2798 1918 2858 τὸν

310 2888 685 2964 κομισάμενον
745 2889 956 2948 ἐθέλειν
1033 2887 1540 2948 ἀπαλλάσσεσθαι·
1621 2887 1786 2954 τέλος
1854 2885 1921 2947 δὲ

310 2973 685 3035 ἀποδιδοῦσαν
725 2974 897 3050 αὐτὴν
931 2979 1123 3036 εἰπεῖν·
1167 2986 1202 3013 “
1223 2977 1423 3039 ἵππους
1462 2978 1566 3053 μὲν
1601 2975 1669 3051 δή
1711 2974 1922 3040 ταύτας
1950 3005 1957 3010 ·

313 3059 648 3137 ἀπικομένας
688 3063 879 3123 ἐνθάδε
920 3062 1112 3123 ἔσωσᾶ
1153 3090 1242 3124 τοι
1282 3063 1408 3145 ἐγώ·
1464 3068 1698 3141 σῶστρα
1739 3063 1799 3122 δὲ
1840 3063 1924 3123 σύ

311 3148 607 3225 παρέσχες,
633 3150 739 3229 ἐγώ
762 3148 873 3229 γὰρ
897 3155 957 3208 ἐκ
983 3155 1087 3209 σεῦ
1106 3157 1253 3229 τρεῖς
1278 3153 1480 3216 παῖδας
1507 3153 1634 3231 ἔχω·
1670 3149 1926 3221 τούτους,

318 3230 485 3289 ἐπεοῖν
530 3234 795 3308 γένωνται
838 3235 1084 3312 τρόφιες,
1129 3238 1162 3298 ὅ
1206 3265 1263 3299 τι
1307 3239 1419 3319 χρῆ
1462 3240 1670 3301 ποιέειν
1717 3237 1929 3321 ἐξηγέο
