2184 3517
231 96 482 161 54—59]
871 145 887 160 ,
953 97 1185 150 nmo.
1797 103 1865 153 25

233 179 572 256 Καδμείων,
619 178 763 239 οἴκεε
807 181 869 240 ἔν
917 177 1111 258 Πίνδῳ
1160 176 1458 240 Μακεδνὸν
1507 176 1865 256 καλεόμενον·

235 268 510 329 ἐνθεῦτεν
550 266 611 326 δὲ
653 265 806 330 αὖτις
849 271 906 330 ές
938 265 1044 342 τὴν
1080 266 1372 344 Δρυοπίδα
1404 267 1639 344 μετέβη,
1674 266 1767 325 καὶ
1803 271 1866 328 ἐκ

232 359 354 431 ιτ’·ἣς
391 354 708 432 Δρυοπίδος
741 353 912 419 οὕτως
946 359 1004 419 ἐς
1040 352 1485 431 Πελοπόννησον
1519 353 1708 424 ἐλθόν,
1742 362 1861 417 Δω-

234 441 413 522 ρικόν
443 441 673 519 ἐκλήθη.

321 530 447 590 Ἠν
467 555 594 590 τινα
618 530 679 589 δὲ
701 533 981 612 γλῶσσαν
1008 529 1171 591 ἵεσαν
1196 533 1252 591 οἱ
1279 530 1595 612 Πελασγοὶ,
1622 526 1725 590 οὔκ
1756 531 1863 611 ἔχω
1880 534 1953 596 57

236 616 525 697 ἀτρεκέως
576 616 749 678 εἶπαι.
831 621 880 678 εἰ
930 618 992 678 δὲ
1040 617 1212 698 χρεόν
1262 622 1387 680 ἐστι
1430 617 1864 696 τεκμαιρόμενον

236 707 443 788 λέγειν
465 710 621 766 τοῖσι
644 709 743 766 νῦν
767 705 847 766 ἔτι
873 709 1032 766 ἐοῦσι
1056 709 1396 787 Πελασγῶν,
1421 709 1534 766 τῶν
1555 704 1696 784 ὖπὶρ
1723 712 1863 785 Τυρ-

237 796 444 870 σηνῶν
479 795 797 871 Κρηστῶνα
829 793 1002 853 πόλιν
1036 791 1342 863 οἰκεόντων,
1379 792 1434 853 οἳ
1467 792 1704 870 ὅμουροί
1732 819 1860 855 κοτε

236 880 403 957 ἦσαν
442 885 599 942 τοῖσι
640 884 740 943 νῦν
787 885 1069 960 Δωριεῦσι
1113 881 1525 959 καλεομένοισι,
1573 883 1753 943 οἴκεον
1797 884 1858 945 δὲ

237 974 551 1046 τηνικαῦτα
570 973 681 1051 γῆν
703 968 810 1046 τήν
834 974 931 1030 νῦν
955 973 1349 1031 Θεσσαλιῶτιν
1375 971 1734 1047 καλεομένην·
1764 972 1858 1033 καὶ

237 1062 356 1118 τῶν
382 1060 645 1134 Πλακίην
667 1082 731 1117 τε
756 1058 849 1117 καὶ
875 1057 1172 1134 Σκυλάκην
1191 1061 1513 1134 Πελασγῶν
1531 1057 1857 1121 οἰκισάντων

241 1149 305 1206 ἐν
316 1144 747 1225 Ἑλλησπόντῳ,
769 1146 823 1205 οἲ
838 1145 1087 1206 σύνοικοι
1104 1145 1357 1228 ἐγένοντο
1375 1144 1741 1221 Ἀθηναίοισι,
1764 1147 1857 1208 καὶ

239 1231 359 1293 ὅσα
396 1232 553 1293 ἄλλα
589 1233 930 1315 Πελασγικὰ
965 1233 1130 1295 ἐόντα
1164 1233 1501 1310 πολίσματα
1532 1232 1600 1293 τὸ
1643 1232 1855 1312 οὕνομα

238 1321 551 1398 μετέβαλε·
610 1325 662 1382 εἰ
711 1321 967 1383 τούτοισι
1024 1322 1460 1401 τεκμαιρόμενον
1511 1321 1598 1382 δεῖ
1645 1323 1848 1405 λέγειν,

237 1409 397 1486 ἦσαν
437 1413 495 1471 οἱ
535 1411 837 1493 Πελασγοὶ
875 1409 1179 1488 βάρβαρον
1216 1415 1494 1492 γλῶσσαν
1534 1411 1721 1475 ἱέντες.
1801 1416 1853 1473 εἰ

238 1498 430 1559 τοίνυν
463 1496 537 1574 ἦν
575 1498 667 1557 καὶ
695 1503 812 1558 πᾶν
844 1502 1064 1559 τοιοῦτο
1099 1496 1169 1559 τό
1208 1497 1590 1580 Πελασγικόν,
1619 1498 1688 1560 τό
1722 1498 1848 1560 Ἀτ-

238 1585 400 1646 τικόν
434 1586 608 1656 ἔθνος,
644 1585 738 1646 ἐὰν
772 1584 1160 1668 Πελασγικόν,
1192 1584 1312 1663 ἅμα
1342 1590 1416 1665 τῇ
1447 1586 1747 1665 μεταβολῇ
1776 1592 1851 1666 τῇ

241 1678 298 1737 ἐς
310 1674 604 1750 Ἕλληνας
628 1675 722 1734 καὶ
744 1672 850 1751 τήν
873 1678 1152 1756 γλῶσσαν
1173 1675 1472 1752 μετέμαθε.
1523 1675 1618 1734 καὶ
1637 1674 1749 1756 γὰρ
1775 1675 1846 1754 δὴ

239 1759 369 1822 οὔτε
420 1765 478 1823 οἱ
526 1765 956 1840 Κρηστωνιῆται
1005 1761 1305 1840 οὐδαμοῖσι
1355 1765 1467 1823 τῶν
1516 1766 1615 1823 νῦν
1659 1769 1845 1839 σφεας

239 1849 657 1927 περιοικεόντων
691 1850 802 1910 εἶσὶ
837 1849 1224 1930 ὁμόγλωσσοι,
1255 1847 1383 1912 οὔτε
1417 1852 1473 1909 οἱ
1508 1853 1842 1927 Πλακιηνοί·

241 1938 419 2015 σφίσι
437 1938 498 1998 δὲ
522 1936 913 2020 ὁμόγλωσσοι·
950 1938 1196 2013 δηλοῦσί
1215 1963 1295 2007 τε,
1315 1937 1419 2009 ὅτι,
1437 1936 1539 1998 τόν
1554 1936 1843 2014 ἠνείκαντο

240 2025 515 2107 γλώσσης
567 2030 897 2106 χαρακτῆρα
951 2026 1385 2104 μεταβαίνοντες
1436 2030 1493 2090 ἐς
1542 2030 1720 2087 ταῦτα
1767 2028 1841 2089 τοὶ

241 2115 432 2194 χωρία,
456 2117 658 2176 τοΐτον
680 2114 877 2194 ἔχουσι
901 2118 960 2175 έν
983 2117 1235 2193 φυλακῇ.
1314 2113 1396 2175 T6
1422 2113 1483 2173 δὲ
1506 2113 1842 2190 Ἑλληνικόν
1855 2120 1936 2179 58

240 2203 483 2284 γλώσσῃ
513 2206 634 2280 μὲν,
668 2202 793 2262 ε’πεί
815 2226 879 2262 τε
909 2202 1127 2283 ἐγένετο
1156 2202 1270 2262 αἰεί
1295 2226 1424 2262 κοτε
1451 2206 1523 2280 τῇ
1553 2201 1695 2281 αὐτῇ
1725 2203 1840 2263 δια-

243 2289 476 2368 χρέεται,
525 2288 599 2353 ὥς
644 2289 770 2366 ἐμοὶ
816 2289 1217 2365 καταφαίνεται
1267 2289 1428 2349 εἶναι·
1480 2288 1836 2367 ἀποσχισθὲν

243 2378 430 2454 μέντοι
461 2376 576 2437 ἇπό
610 2380 713 2438 τοῦ
749 2380 1118 2458 Πελασγικοῧ
1153 2375 1247 2437 ε’ὀν
1282 2373 1592 2445 ἅσθενές,’
1556 2375 1669 2435 απὸ
1704 2402 1835 2454 σμι-

247 2469 376 2543 κροῦ
398 2491 493 2526 τεο
521 2490 627 2542 την
656 2464 839 2544 α’ρχῆν
872 2463 1241 2543 ὁρμεωμενον,
1268 2462 1560 2541 αυξιγται’
1533 2489 1589 2528 ες
1616 2465 1838 2541 πλῆθος

248 2552 376 2634 [τῶν
424 2551 645 2635 ε’θνέων]
694 2551 937 2622 πολλὰν,
988 2553 1247 2629 μαλιστα
1295 2552 1880 2632 προσκεχωρηκότων.

246 2640 385 2719 αὐτῶ
413 2642 507 2701 καὶ
539 2640 733 2701 ἄλλων
768 2640 966 2701 ἐθνέων
998 2640 1312 2719 βαρβαρων
1342 2644 1584 2721 συχνῶν.
1666 2667 1740 2705 ως
1770 2640 1839 2718 δὴ

247 2726 320 2789 ὧν
340 2729 484 2806 -ἐμοί
518 2754 586 2811 γε
626 2728 805 2789 δοκέει
844 2727 972 2789 οὐδὲ
1010 2726 1080 2789 τό
1123 2728 1491 2811 Πελασγικὸν
1533 2727 1703 2799 ἔθνος,
1748 2726 1842 2789 ε’ὂν

248 2815 557 2895 βάρβαρον,
584 2815 800 2894 οὖδάμοῖ
823 2815 1081 2898 μεγάλως
1108 2814 1432 2893 αὐξηθῆναι.

321 2904 536 2967 Τούτων
566 2904 636 2981 δή
670 2903 744 2966 ὧν
773 2908 884 2965 τῶν
915 2904 1113 2964 ε’θνέων
1143 2903 1213 2964 τὰ
1249 2906 1355 2982 μὲν
1391 2902 1648 2965 Ἀττικόν
1686 2928 1838 2964 κατε·
1854 2905 1933 2965 59

247 2991 478 3073 χόμενόν
507 3017 571 3054 τε
601 2993 695 3052 καὶ
733 2992 1146 3069 διεσπασμένον
1177 2990 1508 3053 ἐπυνθάνετο
1532 2991 1565 3052 6
1592 2995 1844 3071 Κροῖσος

209 3139 214 3144 .
247 3080 350 3142 ὑπὸ
403 3080 822 3158 Πεισιστράτου
873 3084 977 3141 τοῦ
1030 3080 1426 3157 Ἱπποκράτεος
1479 3084 1677 3142 τοῦτον
1742 3081 1844 3142 τόν

251 3168 442 3248 χρόνον
475 3169 895 3248 τυραννεύοντος
926 3167 1254 3243 Ἀθηναίων.
1333 3166 1688 3244 Ἱπποκράτεϊ
1709 3165 1839 3247 γάρ,

254 3254 386 3318 ἐόντι
403 3254 588 3337 ἰδιώτῃ
608 3257 701 3317 καὶ
722 3256 1008 3332 θεωρέοντι
1024 3253 1098 3315 τὰ
1119 3252 1425 3332 Ὀλύμπια,
1443 3254 1606 3331 τέρας
1624 3255 1841 3330 ἐγένετο
