2184 3517
312 111 406 159 152
917 106 1285 158 ‘HPOAOTo'r
1803 102 1908 169 [Π.

313 190 406 250 διαὶ
442 189 650 250 τούτων
690 189 973 249 δάκνουσι·
1016 187 1108 249 διοὶ
1140 188 1200 248 δὲ
1233 190 1335 248 τοῦ
1367 184 1592 248 δικτύου
1631 183 1759 246 οὐδὲ
1795 207 1916 246 πει-

309 281 511 356 ρῶνται
538 276 737 356 οἷρχήν·

219 367 297 428 96
394 365 481 424 To?
517 365 576 425 δὲ
612 365 678 441 δὴ
712 363 890 425 πλοῖά
918 370 1046 440 σφι,
1074 364 1229 424 τοῖσι
1265 361 1727 443 φορτηγέουσι,”
1698 387 1817 422 εστι
1851 365 1919 421 ἐκ

312 457 414 529 τῆς
436 452 677 528 ἀκάνθης
698 452 1015 530 ποιεύμενα·
1040 455 1143 527 τῆς
1168 477 1205 527 η
1190 446 1425 528 ’μορφη
1452 450 1557 525 μέν
1578 454 1705 509 ἐστι
1731 450 1921 527 ὅμοιο-

311 542 454 617 τάτη
479 545 556 620 τῷ
584 541 878 621 Κυρηναίῳ
904 543 1080 618 λωτῷ,
1109 538 1176 598 τό
1205 539 1265 598 δὲ
1290 538 1527 616 δάκρυον
1565 536 1745 614 κόμμι
1773 538 1920 598 ἐστι’·

314 634 377 688 ἐκ
412 629 614 704 ταύτης
648 627 720 688 ὧν
750 632 852 704 τῆς
883 600 1127 703 ἀκάνθης
1165 625 1470 705 κοψάμενοι
1508 624 1651 695 ξύλα
1683 624 1826 685 ὅσον
1854 651 1925 686 τε

315 716 552 795 διπήχεα
571 715 879 792 πλινθηδόν
899 715 1230 785 συντιθεῖσι,
1250 712 1687 794 ναυπηγεύμενοι
1705 713 1927 791 τρόπον

315 803 545 885 τοιόνδε·
587 804 715 881 περὶ
744 803 1004 885 γόμφους
1042 802 1284 866 πυκνοῦς
1317 803 1408 861 καὶ
1439 800 1685 878 μακροὺς
1713 801 1927 878 περιεί-

313 917 481 969 ρουσι
513 893 585 952 τσῖ
625 891 865 971 διπήχεα
897 891 1057 961 ξύλα·
1102 889 1270 951 ἐπεοῖν
1307 890 1367 950 δὲ
1401 893 1479 969 τῷ
1510 887 1701 968 τρόπῳ
1737 887 1926 949 τούτω

316 980 797 1062 ναυπηγήσωνται,
825 979 964 1061 ζυγσῖ
1002 982 1280 1054 ἐπιπολῆς
1309 978 1556 1039 τείνουσι
1587 977 1785 1037 αὐτῶν·
1825 984 1926 1038 νο·

319 1073 490 1146 μεῦσι
532 1070 591 1128 δὲ
633 1069 791 1129 οὐδὲν
830 1069 1121 1147 χρέωνται·
1167 1066 1374 1127 ἔσωθεν
1417 1065 1477 1124 δὲ
1510 1064 1612 1129 τὰς
1650 1064 1926 1142 οἷρμονίας

319 1162 376 1218 ἐν
404 1157 477 1218 ὧν
507 1158 836 1217 ἐπάκτωσαν
861 1160 933 1236 τῇ
960 1155 1190 1235 βύβλῳ·
1224 1154 1502 1231 πηδάλιον
1530 1153 1590 1212 δὲ
1616 1154 1675 1214 ’ἐν
1701 1158 1923 1214 ποιεῦν-

318 1272 428 1316 ται,
459 1247 551 1305 καὶ
585 1250 753 1306 τοῦτο
790 1245 882 1305 διοὶ
917 1248 1018 1319 τῆς
1042 1241 1272 1320 τρόπιος
1299 1242 1640 1318 διαβύνεται·
1695 1244 1829 1320 ἱστῷ
1857 1242 1927 1302 δὲ

318 1333 590 1412 οἷκανθίνῳ
625 1333 909 1411 χρέωνται,
945 1331 1182 1392 ἱστίοισι
1220 1331 1283 1390 δὲ
1316 1330 1677 1406 βυβλίνοισι.
1740 1333 1927 1389 ταῦτα

319 1421 392 1482 τοὶ
422 1424 598 1480 πλοῖα
635 1419 741 1480 οἷνοῖ
778 1422 882 1497 μὲν
906 1418 1008 1480 τᾶν
1044 1418 1301 1497 ποταμὸν
1334 1417 1399 1477 οὐ
1436 1416 1692 1477 δύνανται
1725 1417 1926 1478 πλέειν

319 1506 391 1584 ἢν
415 1507 495 1584 μὴ
524 1506 786 1584 λαμπρὰς
810 1506 1009 1584 ἄνεμος
1037 1507 1228 1587 ἐπέχῃ,
1259 1510 1319 1565 ἐκ
1345 1509 1452 1588 γῆς
1477 1505 1536 1564 δὲ
1562 1505 1924 1583 παρέλκεται·

323 1595 463 1656 κατὰ
489 1594 621 1672 ῥόον
641 1595 701 1654 δὲ
728 1594 1011 1673 κομίζεται
1039 1592 1161 1654 ὦδε·
1197 1596 1320 1655 ἔστι
1348 1598 1408 1653 ἐκ
1433 1594 1667 1670 μυρίκης
1690 1618 1927 1670 πεποιη-

319 1684 460 1761 μένη
502 1682 642 1761 θύρη
684 1684 1107 1761 κατερραμμένη
1137 1683 1288 1760 ῥίπεῖ
1325 1680 1607 1759 καλάμων,
1635 1681 1727 1741 καὶ
1758 1682 1929 1748 λίθος

317 1771 648 1849 τετρημένος
675 1771 1000 1835 διτάλαντος
1024 1770 1283 1848 μάλιστά
1311 1797 1380 1847 κη
1406 1768 1681 1847 σταθμόν·
1711 1767 1929 1831 τούτων

318 1859 423 1936 τὴν
447 1862 550 1937 μὲν
576 1859 748 1937 θύρην
774 1859 1065 1936 δεδεμένην
1094 1859 1247 1938 κάλῳ
1276 1859 1564 1936 ἔμπροσθε
1589 1862 1690 1918 τοῦ
1715 1857 1929 1919 πλοίου

322 1946 473 2007 οἷπίει
505 1948 888 2025 ἐπιφέρεσθαι,
915 1946 1016 2008 τόν
1048 1947 1108 2006 δὲ
1140 1947 1304 2008 λίθον
1329 1946 1490 2026 ἄλλῳ
1518 1945 1671 2026 κάλῳ
1696 1944 1926 2006 ὄπισθε·

320 2035 361 2112 ἤ
386 2037 489 2114 μὲν
515 2036 583 2114 δὴ
612 2036 767 2114 θύρη,
793 2039 894 2096 τοῦ
918 2033 1053 2113 ῥόου
1082 2036 1470 2111 ἐμπίπτοντος,
1492 2035 1689 2113 χωρέει
1712 2034 1930 2145 ταχέως

323 2124 415 2183 καὶ
462 2124 613 2184 ἕλκει
656 2151 762 2201 την
801 2124 992 2201 βάριν·
1036 2123 1228 2230 (τοῦτο
1269 2123 1380 2204 γὰρ
1429 2122 1497 2198 δη
1546 2121 1757 2200 οὔνομά
1797 2126 1929 2183 ἐστι

321 2215 475 2274 τοῖσι
500 2214 757 2273 πλοίοισι
780 2211 1049 2273 τούτοισι·
1053 2212 1076 2291 )
1118 2237 1151 2270 ο
1136 2197 1245 2270 δὲ
1276 2212 1436 2274 λίθος
1462 2209 1668 2271 οπισθε
1695 2210 1928 2271 ἐπελκό-

321 2328 488 2379 μενος
513 2302 604 2361 καὶ
632 2302 733 2362 ἐων
760 2306 819 2361 ἐν
844 2302 1070 2379 βυσσῷ,
1102 2298 1380 2360 κατιθύνει
1404 2298 1505 2359 τᾶν
1530 2297 1731 2359 πλόον.
1798 2298 1930 2359 ἔστι

326 2390 389 2450 δέ
419 2397 532 2468 σφι
556 2389 629 2450 τοὶ
654 2393 832 2449 πλοῖα
855 2391 1032 2449 ταῦτα
1058 2386 1268 2462 πλήθεϊ
1294 2386 1506 2456 πολλοὶ,
1536 2387 1628 2444 καὶ
1654 2384 1776 2467 ἄγει
1806 2386 1932 2445 ἔνια,

230 2481 303 2540 97
323 2479 546 2542 πολλσῖς
591 2476 850 2556 χιλιάδας
894 2474 1203 2536 ταλάντων.
1284 2473 1493 2534 Ἐπεὰν
1531 2474 1592 2533 δὲ
1637 2474 1851 2551 ἐπέλθῃ
1895 2474 1930 2534 ὅ

323 2570 533 2629 Νεῖλος
562 2564 666 2640 τὴν
690 2564 895 2643 χώρην,
924 2567 982 2623 αἱ
1013 2563 1183 2628 πόλις
1208 2566 1411 2640 μοῦναι
1440 2562 1734 2639 φαίνονται
1759 2560 1932 2639 ὕπερ-

327 2653 575 2731 έχουσαι,
619 2652 875 2728 μάλιστά
919 2677 987 2727 κη
1031 2651 1296 2729 ἐμφερέες
1331 2655 1469 2731 τῇσι
1508 2656 1565 2710 ἐν
1596 2653 1673 2729 τῷ
1712 2651 1934 2730 Αἰγαίῳ

325 2739 509 2819 πόντῳ
554 2738 803 2814 νήσοισι·
857 2738 930 2800 τοὶ
981 2741 1085 2816 μὲν
1132 2739 1242 2819 γοὶρ
1291 2738 1446 2798 ἄλλα
1491 2742 1594 2814 τῆς
1638 2736 1936 2847 Αἰγύπτου

325 2827 573 2908 πέλαγος
618 2828 844 2908 γίνεται,
890 2830 950 2886 αἱ
1002 2826 1061 2885 δὲ
1108 2825 1275 2889 πόλις
1321 2830 1524 2903 μοῦναι
1567 2825 1938 2936 ὑπερέχουσι.
1990 2824 1995 2827 ’

328 2913 813 2992 πορθμεύονται’
773 2939 862 2984 ων,
892 2913 1059 2975 ἐπεοῖν
1095 2917 1264 2973 τοῦτο
1294 2914 1538 2994 γένηται,
1567 2912 1764 2973 οὐκέτι
1785 2938 1942 2974 κατα.

326 3001 398 3061 τοὶ
421 3002 623 3079 ῥέεθρα
647 3006 749 3061 τοῦ
775 3005 1048 3078 ποταμοῦ,
1078 2999 1235 3061 αλλοὶ
1262 3000 1353 3060 δια
1377 3002 1561 3079 μέσου
1587 3004 1689 3061 τοῦ
1714 2999 1941 3060 πεδίου.

330 3091 386 3149 ἐς
417 3089 520 3161 μέν
543 3114 609 3168 γε
648 3091 887 3166 Μέμφιν
921 3095 981 3148 ἐκ
1017 3086 1370 3165 Ναυκράτιος
1401 3086 1769 3158 ἀναπλώοντι,
1796 3089 1945 3165 παρ’

330 3171 499 3234 αὐτὰς
522 3174 624 3236 τοὶς
658 3177 970 3252 πυραμίδας
996 3178 1210 3257 γίνεται
1242 3174 1274 3234 ὅ
1310 3174 1508 3239 πλόος·
1551 3175 1700 3258 [ἔστι
1731 3175 1794 3234 δὲ
1829 3174 1947 3236 οὐκ

335 3279 511 3325 ουτος,
560 3259 715 3319 ἄλλα
764 3288 918 3338 παρα
969 3263 1037 3322 τὰ
1085 3260 1185 3331 ὄξῦ
1229 3266 1331 3322 τοῦ
1380 3264 1591 3335 Δέλτα;
1640 3263 1733 3324 καὶ
1776 3264 1954 3343 παρὰ
