2184 3517
251 105 475 170 22-25J
888 173 903 186 .
924 131 929 134 -
951 109 1224 161 eAAmA.
1756 112 1854 163 211

252 184 386 261 ζόης
412 187 503 245 καὶ
528 185 740 262 διαίτης
764 186 910 264 πέρι,
938 187 1063 247 ἔτεα
1085 190 1192 265 μὲν
1217 193 1274 253 ἐς
1300 187 1506 250 ἐείκοσι
1538 188 1632 249 καὶ
1663 188 1859 252 ἐκατδν

249 274 385 337 τούς
421 274 674 337 πολλοὺς
718 273 896 335 αὗτῶν
944 274 1324 346 ἀπικνέεσθαι,
1364 274 1752 353 ὖπερβάλλειν
1789 277 1855 339 δέ

249 386 407 426 τινας
446 361 536 420 καὶ
576 366 771 422 ταῦτα·
834 363 1062 440 σίτησιν
1104 363 1163 422 δὲ
1204 363 1344 423 εἶναι
1369 365 1516 441 ’κρέα
1557 363 1722 440 ἑφθοὶ,
1765 366 1858 427 καὶ

248 448 412 527 πόμα
434 449 606 532 γάλα·
649 450 844 528 θῶυμα
875 450 936 509 δὲ
967 452 1305 528 ποιευμένων
1340 456 1451 512 τῶν
1486 450 1855 514 κατασκόπων

248 538 382 614 περὶ
413 542 524 598 τῶν
557 537 734 608 ἐτέων,
763 539 856 597 ἐπὶ
890 537 1097 615 κρήνην
1132 545 1246 615 σφι
1275 538 1626 619 ἡγήσασθαι·
1668 537 1763 599 ἐπ’
1786 538 1856 618 ἧς

247 619 551 703 λὀυόμενοι
583 624 959 703 λιπαρώτεροι
985 627 1251 708 ἐγίνοντο,
1291 626 1536 705 κατάπερ
1579 631 1628 687 εἰ
1663 628 1855 690 ἐλαίου

251 713 356 789 εἴη·
410 712 557 784 ὄζειν
597 713 658 772 δὲ
688 711 792 781 ,ἀπ’
834 712 1004 790 αὐτῆς
1044 712 1180 774 ὦσεὶ
1219 715 1333 775 ἴων.
1416 714 1649 779 ἀσθενὲς
1687 716 1748 776 δὲ
1784 716 1853 778 τὰ

247 799 395 878 ὕδωρ
420 806 522 877 τῆς
553 800 755 879 κρήνης
784 801 988 879 ταύτης
1027 802 1170 862 οὕτω
1207 802 1276 879 δή
1314 828 1373 863 τι
1412 804 1607 883 ἔλεγον
1634 803 1773 864 εἶναι
1798 808 1854 866 οἶ

249 888 620 960 κατάσκοποι,
664 889 808 951 ὥστε
854 891 1029 966 μηδὲν
1081 890 1201 952 οἶόν
1249 917 1313 950 τε
1365 890 1505 951 εἶναι
1543 890 1628 950 ἐπ’
1682 891 1853 953 αὐτοῦ

249 979 552 1048 ἐπιπλέειν,
605 977 748 1055 μήτε
803 977 972 1048 ξύλον
1023 978 1167 1056 μήτε
1204 983 1314 1039 τῶν
1354 977 1468 1039 ὅσα
1514 978 1686 1048 ξύλου
1726 981 1851 1040 ἐστὶ

247 1064 624 1144 ἐλαφρότερα,
654 1065 813 1126 σῖλλοὶ
851 1066 1034 1127 πάντα
1075 1063 1233 1143 σφέα
1270 1067 1497 1146 χωρέειν
1523 1071 1579 1130 ἐς
1600 1066 1851 1142 βυσσόν·

247 1153 339 1234 (τὸ
368 1154 428 1213 δὲ
453 1152 594 1231 ὕδωρ
619 1157 789 1215 τοῦτο
817 1155 868 1213 εἴ
891 1154 1008 1230 σφί
1031 1159 1156 1214 ἐστι
1180 1154 1432 1230 α’ληθέως
1463 1153 1582 1214 οἶόν
1606 1180 1663 1214 τι
1692 1155 1850 1235 λέγε·

243 1266 358 1311 ται,
388 1240 478 1301 διοῖ
506 1245 675 1302 τοῦτο
716 1239 785 1302 ἂν
826 1241 950 1312 εἶεν,
975 1241 1153 1321 τούτῳ
1190 1241 1264 1301 τὰ
1302 1240 1486 1301 πάντα
1523 1241 1845 1321 χρεώμενοι,

243 1328 601 1410 μακρόβιον)
643 1328 757 1391 ‹in-6
808 1333 909 1407 τῆς
952 1330 1155 1408 κρήνης
1199 1330 1261 1390 δὲ
1299 1329 1848 1407 ἀπαλλασσομένων,
1891 1389 1896 1395 ,

244 1416 480 1498 ἀγαγεῖν
519 1417 704 1494 σφέας
743 1422 799 1481 ἐς
837 1418 1217 1495 δεσμωτήριον
1257 1416 1484 1496 ἀνδρῶν,
1539 1419 1670 1479 ἔνθα
1718 1418 1851 1483 τούς

242 1505 460 1569 πάντας
502 1510 561 1565 ἐν
603 1506 810 1585 πέδῃσι
853 1508 1134 1585 χρυσέῃσι
1178 1506 1455 1567 δεδέσθαι·
1512 1507 1635 1567 ἔστι
1681 1506 1741 1566 δὲ
1788 1513 1848 1568 ἐν

241 1592 500 1654 τούτοισι
529 1597 684 1654 τοῖσι
707 1595 939 1672 Αἰθίοψι
971 1594 1194 1655 πάντων
1218 1593 1252 1655 ό
1281 1593 1498 1674 χαλκός
1534 1594 1846 1655 σπανιώτα·

241 1707 346 1742 τον
381 1682 489 1741 καὶ»
513 1680 863 1759 τιμιώτατον·
908 1682 1248 1759 θεησάμενοι
1290 1683 1351 1742 δὲ
1392 1684 1485 1742 καὶ
1524 1682 1592 1743 τὸ
1635 1683 1846 1758 δεσμω-

240 1769 453 1847 τήριον,
508 1769 812 1846 ἐθεήσαντο
856 1770 949 1830 καὶ
998 1770 1104 1846 τήν
1153 1774 1260 1832 τοῦ
1294 1770 1499 1831 Ἠλίου
1540 1772 1857 1853 λεγομένην,

240 1856 544 1934 τράπεζαν.
627 1857 791 1920 Μετὰ
827 1858 888 1919 δὲ
925 1857 1149 1934 ταύτην,
1190 1857 1511 1923 τελευταίας
1541 1857 1846 1935 ἐθεήσαντο
1864 1861 1942 1919 24

242 1944 346 2008 τοὶς
372 1945 546 2021 θήκας
576 1944 771 2016 αὐτῶν,
800 1945 859 2005 αἳ
888 1946 1154 2026 λέγονται
1189 1947 1560 2018 σκευάζεσθαι
1594 1948 1657 2017 ἐξ
1678 1946 1847 2008 ὑέλου

241 2032 432 2113 τρόπῳ
465 2033 675 2113 τοιῷδε·
718 2032 887 2094 ἐπεοῖν
921 2034 1022 2094 τὸν
1042 2033 1252 2112 ’νεκρὸν
1289 2035 1615 2114 ἰσχνήνωσι,
1644 2035 1752 2095 εἴτε
1776 2034 1846 2111 δή

244 2119 495 2197 κατάπερ
547 2119 847 2229 Αἰγύπτιοι
900 2121 1008 2180 εἴτε
1068 2119 1258 2184 ἄλλως
1314 2148 1436 2191 κως,
1486 2120 1848 2202 γυψώσαντες

244 2233 465 2268 απαντα
518 2206 688 2268 αυτόν
731 2214 930 2289 γραφῇ
984 2210 1312 2286 κοσμέουσι,
1360 2210 1731 2286 ἐξομοιεῦντες
1774 2235 1845 2270 το

244 2296 441 2359 εἶδος’
415 2322 470 2359 ες
493 2322 560 2357 το
588 2296 837 2357 δυνατόν·
880 2298 1067 2357 ἔπειτα
1094 2297 1158 2356 δέ
1182 2323 1235 2356 οι
1261 2300 1588 2373 περιϊστᾶσι
1624 2297 1845 2373 στήλην

245 2385 310 2455 ἐξ
345 2384 514 2444 υέλου
540 2386 916 2462 πεποιημένην
948 2386 1163 2461 κοίλην·
1217 2384 1255 2460 ἡ
1291 2384 1354 2444 δέ
1388 2391 1501 2460 σφι
1531 2384 1725 2459 πολλη
1753 2386 1846 2444 καὶ

245 2471 468 2554 εὖεργὸς
514 2471 837 2550 ὀρύσσεται·
901 2477 959 2533 ἐν
1010 2473 1163 2553 μέσῃ
1218 2473 1276 2532 δὲ
1321 2475 1394 2553 τῇ
1447 2471 1635 2551 στήλῃ
1686 2472 1849 2533 ἐνεών

243 2560 596 2636 διαφαίνεται
641 2560 674 2622 ὅ
721 2561 893 2631 νέκυς,
942 2559 1068 2621 οὔτε
1111 2560 1291 2638 ὀδμήν
1344 2558 1607 2637 οὐδεμίαν
1646 2557 1848 2639 ἄχαριν

242 2648 625 2727 παρεχόμενος
652 2647 781 2709 οὔτε
807 2647 958 2712 ἄλλο
990 2647 1169 2713 ἀεικὲς
1199 2648 1371 2720 οὐδὲν,
1400 2650 1493 2708 καὶ
1524 2649 1639 2729 ἔχει
1663 2648 1847 2709 πάντα

244 2736 462 2814 φανεροὶ
502 2736 702 2814 ὁμοίως
741 2735 891 2817 αὐτῷ
936 2734 1036 2818 [τῷ
1075 2736 1267 2819 νέκυῖ.]
1347 2736 1596 2798 ἐνιαυτόν
1633 2738 1738 2814 μὲν
1776 2734 1847 2811 δὴ

244 2823 443 2903 ἔχουσι
492 2823 600 2901 τήν
651 2824 873 2901 στήλην
921 2829 980 2884 ἐν
1024 2827 1179 2884 τοῖσι
1226 2825 1453 2885 οἰκίοισι
1495 2828 1549 2885 οἳ
1592 2824 1849 2902 μάλιστα

244 2911 649 2989 προσήκοντες,
680 2911 901 2972 πάντων
939 2937 1002 2972 τε
1037 2905 1420 2991 ἀπαρχόμενοι
1447 2914 1539 2972 καὶ
1571 2914 1768 2976 θυσίας
1794 2913 1850 2971 οἱ

242 3000 650 3082 προσάγοντες·
706 3000 850 3077 μετοί
891 2999 952 3059 δὲ
1003 3004 1180 3060 ταῦτα
1220 3001 1612 3078 ἐκκομίσαντες
1652 3003 1853 3122 ἱστᾶσι

242 3089 375 3166 περὶ
404 3088 511 3169 τῇν
537 3088 729 3148 πόλιν.

260 3231 267 3237 .
329 3174 685 3253 Θεησοῖμενοι
724 3175 784 3234 δὲ
821 3200 896 3235 τα
933 3174 1117 3236 πάντα
1157 3177 1212 3236 οἶ
1258 3199 1624 3245 κατασκοποι,
1672 3173 1855 3233 απαλ-
1860 3175 1946 3247 25

200 3285 207 3290 “
243 3261 546 3326 λασσοντο
582 3262 784 3324 ὀπίσω·
823 3261 1288 3343 ἀπαγγειλάντων
1320 3263 1382 3323 δὲ
1414 3266 1593 3324 ταῦτα
1622 3285 1862 3346 τουτων,
