2184 3517
299 97 401 145 294
917 91 1285 144 ·11P0Ao·ro'r
1780 92 1915 158 [IV.

300 176 376 252 τῇ
399 170 645 251 Εὐρώπῃ
670 170 972 234 ποιεύντων
995 173 1148 248 ἴσην·
1175 176 1236 232 ἑν
1260 170 1514 253 ὄλίγοισι
1536 170 1651 253 γοῖρ
1680 170 1814 284 ἔγω
1819 172 1917 248 δη·

300 258 470 320 λῶσω
507 258 756 369 μέγαυθός
785 284 850 319 τε
881 258 1122 335 ἑκάστης
1161 257 1384 331 αὐτέων,
1412 259 1506 318 καὶ
1542 259 1634 335 οἵη
1673 260 1761 322 τίς
1787 264 1917 319 ε’στι

302 352 358 411 ἑς
382 345 666 428 γραφήνε
640 345 867 422 εκάστη.

207 436 283 497 37
382 435 608 512 Πέρσαι
647 435 894 495 οἰκέουσι
934 432 1267 510 κατήκοντες
1301 431 1401 493 ’ἐπὶ
1438 433 1545 509 τήν
1577 432 1770 510 νοτίην
1815 431 1915 494 θά-

302 525 551 592 λασσαν,
581 520 687 597 τήν
719 520 997 599 Ἐρυθρὴν
1031 521 1394 597 καλεομένην·
1434 520 1646 581 τούτων
1674 520 1720 579 δ’
1747 521 1915 598 ὕπερ-

303 610 553 670 οικέουσι
582 608 723 686 πρός
755 610 944 686 βορέω
970 608 1177 686 ἀνέμου
1204 608 1413 684 Μῆδοι,
1451 607 1665 684 Μήδων
1700 609 1762 667 δὲ
1804 607 1915 673 Σοί·

302 721 544 773 σπειρες,
579 696 910 774 Σασπείρων
942 697 1002 757 δὲ
1032 695 1280 776 Κόλχοι,
1309 695 1643 773 κατήκοντες
1678 696 1774 756 ἐπὶ
1809 696 1917 772 τήν

302 784 548 861 βορηίην
586 783 892 845 θάλασσαν
932 789 988 848 ἔς
1024 784 1130 860 τὴν
1168 782 1352 849 Φάσις
1389 783 1645 862 ποταμός
1686 783 1913 843 ἐκδιδοῖ·

302 876 478 932 ταῦτα
502 872 751 951 τέσσερα
786 874 946 933 ἔθνεα
974 873 1141 933 οἰκέει
1166 877 1228 931 ἑκ
1256 872 1559 948 θαλάσσης
1596 877 1652 936 ἐς
1693 872 1913 932 θάλασ-

208 960 286 1021 38
305 986 434 1021 σαν.
502 959 791 1022 Ἐνθεῧτεν
817 961 894 1032 δὲ,
914 960 983 1021 τὸ
1010 960 1154 1038 πρὸς
1178 961 1438 1039 ἑσπέρης,
1456 959 1621 1021 οἷκταὶ
1643 960 1917 1073 διφάσιαι
1985 953 1993 964 ’

305 1048 402 1109 ἀπ’
437 1047 609 1125 αὐτῆς
649 1049 1035 1110 κατατείνουσι
1062 1074 1118 1112 ες
1154 1047 1477 1118 θάλασσαν,
1504 1073 1606 1111 τας
1633 1047 1744 1130 ἐγω
1773 1048 1916 1124 οἷπη-

304 1136 577 1218 γήσομαι·
620 1137 774 1198 ενθεν
797 1138 902 1214 μὲν
926 1136 964 1211 ἦ
1002 1134 1143 1213 ακτή
1168 1162 1207 1213 η
1237 1137 1395 1214 ἑτέρη
1420 1136 1493 1196 τοὶ
1523 1136 1665 1224 πρὸς
1704 1138 1916 1212 βορῆν,

305 1223 420 1284 οἷπὸ
447 1223 688 1287 Φάσιος
728 1224 1026 1301 ἄρξαμένη,
1073 1225 1453 1302 παρατέταται
1500 1229 1557 1288 ἐς
1603 1219 1920 1284 θαλασσαν

305 1311 460 1390 παρά
498 1338 561 1372 τε
597 1311 699 1372 τᾶν
735 1311 959 1373 Πόντον
993 1313 1086 1371 καὶ
1126 1312 1227 1373 τόν
1265 1311 1705 1389 Ἑλλήσποντον
1744 1313 1919 1391 μέχρι

307 1401 531 1481 Σιγείου
557 1405 659 1460 τοῦ
684 1403 952 1478 Τρωϊκοῦ·
991 1400 1065 1460 τοὶ
1089 1400 1151 1459 δὲ
1176 1399 1317 1477 πρὸς
1341 1400 1521 1471 νότου,
1537 1400 1576 1476 ἦ
1603 1400 1747 1476 αὐτῆ
1774 1400 1918 1477 αὕτη

307 1486 449 1564 οἷκτή
483 1486 604 1548 ‹in-6·
630 1491 731 1548 τοῦ
764 1488 1179 1566 Μυριανδρικοῦ
1217 1487 1450 1557 κόλπου,
1475 1492 1578 1548 τοῦ
1613 1488 1761 1566 πρὸς
1785 1495 1917 1548 Φοι-

306 1576 431 1655 νίκῃ
456 1575 725 1654 κειμένου,
752 1576 918 1636 τείνει
942 1575 1013 1637 τοὶ
1041 1581 1103 1640 ἐς
1123 1576 1426 1638 θάλασσαν
1449 1576 1619 1655 μέχρι
1644 1577 1918 1653 Τριοπίου

306 1661 496 1741 ἄκρης·
540 1664 703 1724 οἰκέει
740 1662 786 1723 δ’
815 1668 875 1726 ἐν
906 1668 979 1743 τῇ
1011 1663 1155 1744 ἀκτῇ
1192 1663 1368 1744 ταύτῃ
1408 1665 1569 1726 ἔθνεα
1608 1663 1919 1742 ἀνθρώπων

306 1752 623 1829 τριήκοντα.

213 1840 291 1899 39
389 1840 562 1917 Αὕτη
584 1841 689 1918 μέν
713 1865 812 1902 νυν
831 1867 871 1917 η
901 1841 1061 1920 ἑτέρη
1085 1843 1196 1902 τῶν
1223 1840 1448 1902 ἆκτέων·
1487 1839 1527 1917 ἦ
1553 1841 1613 1900 δὲ
1639 1840 1763 1917 δη“
1738 1842 1917 1919 ετέρη,

311 1927 425 1988 dvx-6
465 1930 735 2006 Περσέων
774 1928 1073 2008 ἄρξαμένη,
1114 1930 1493 2007 παρατέταται
1525 1934 1580 1993 ἔς
1615 1929 1722 2005 τὴν
1754 1928 1918 2006 Ἐρυ-

313 2015 454 2092 θρῆν
496 2015 816 2089 θάλασσαν,
858 2018 897 2094 ἥ
938 2044 1002 2079 τε
1043 2017 1303 2095 Περσικὴ
1346 2018 1437 2077 καὶ
1477 2017 1515 2094 ἦ
1555 2015 1670 2078 σ’,πό
1710 2015 1921 2094 ταύτης

314 2104 642 2183 ἐκδεκομένη
669 2104 951 2184 Ἀσσυρίη
984 2107 1077 2165 καὶ
1105 2105 1218 2166 oter&
1243 2105 1556 2184 Ἀσσυρίης
1579 2104 1619 2181 ἦ
1644 2104 1918 2183 Ἀραβίη·

314 2191 481 2274 λήγει
520 2194 580 2253 δὲ
610 2192 750 2270 αὕτη
781 2193 871 2274 (οὗ
896 2192 1162 2275 λήγουσα
1188 2198 1237 2253 εἰ
1261 2194 1342 2272 μή
1371 2194 1545 2273 νόμῳ)
1575 2199 1631 2257 ἐς
1653 2193 1757 2254 τᾶν
1784 2194 1919 2254 κόλ-

312 2305 422 2341 πον
466 2280 565 2343 τόν
609 2280 898 2360 Ἀράβιον,
940 2286 996 2346 ἐς
1036 2282 1138 2343 τὸν
1181 2287 1418 2360 Δαρεῖος
1459 2288 1520 2341 ἐκ
1558 2285 1661 2341 τοῦ
1699 2283 1919 2341 Νειλου

313 2368 555 2449 διώρυχα
603 2370 871 2452 ἐσήγαγε.
938 2370 1134 2451 (μέχρι
1184 2371 1289 2448 μέν
1341 2397 1438 2432 νυν
1488 2370 1746 2445 Φοινίκης
1798 2368 1918 2429 dm}

313 2458 598 2535 Περσέων,
625 2461 807 2537 χῶρος
840 2458 1057 2521 πλατύς
1084 2460 1178 2518 καὶ
1203 2458 1422 2521 πολλός
1449 2463 1591 2518 ἐστι·
1632 2458 1700 2517 τὸ
1727 2457 1774 2516 δ’
1799 2455 1918 2517 ‹in-6

317 2545 575 2621 Φοινίκης
614 2545 851 2623 παρήκει
888 2545 979 2605 διοῖ
1018 2546 1196 2621 τῆσδε
1224 2550 1326 2620 τῆς
1359 2544 1730 2622 θαλάσσης“
1691 2572 1727 2622 η
1769 2545 1919 2623 ‹im-⁷)

316 2630 457 2707 αὕτη
496 2633 651 2709 παρά
683 2659 746 2694 τε
787 2634 992 2710 Συρίην
1025 2633 1130 2709 τήν
1155 2634 1550 2710 Παλαιστίνην
1578 2634 1671 2694 καὶ
1702 2633 1921 2714 Αἴγυπ-

310 2743 425 2788 τον,
458 2724 514 2783 ἐς
547 2746 651 2795 την
686 2722 963 2801 τελευτᾷν)
1007 2726 1066 2783 ἑν
1095 2725 1168 2800 τῇ
1200 2720 1360 2782 ἔθνεά
1401 2725 1526 2781 ἐστι
1560 2715 1689 2799 τρία
1712 2725 1919 2798 μοῦνα·

311 2810 488 2865 ταῦτα
512 2809 615 2884 μὲν
630 2806 742 2867 οἷπό
771 2808 1041 2886 Περσέων
1057 2809 1131 2869 τοὶ
1157 2809 1300 2887 πρὸς
1327 2809 1568 2888 ἑσπέρης
1590 2814 1693 2886 τῆς
1715 2808 1922 2885 Ἀσίης

216 2892 345 2951 40*
317 2894 515 2970 εχοντοί
540 2900 681 2955 ἐστι.
743 2897 829 2955 Τοὶ
855 2897 914 2956 δὲ
934 2896 1244 2977 κατυπερθε
1264 2897 1549 2976 Περσέων,
1573 2923 1665 2955 και
1643 2896 1920 2971 Μήδων,

315 2980 407 3036 καὶ
434 2982 777 3061 Σασπείρων,
795 3010 887 3043 και
865 2985 1163 3064 Κόλχων,
1180 2985 1253 3045 τοὶ
1278 2984 1418 3062 πρὸς
1432 2984 1515 3059 ἠῶ
1532 3003 1595 3045 τε
1617 3010 1708 3043 και
1687 2984 1925 3060 ἠέλιον

313 3060 709 3138 ἀνατέλλοντα,
728 3070 880 3129 ἔνθεν
904 3073 1007 3146 μὲν
1024 3073 1063 3146 ἦ
1088 3071 1332 3150 Ἐρυθρὴ
1358 3072 1596 3150 παρήκει
1621 3070 1925 3132 θαλασσα·

315 3146 455 3217 πρός
477 3152 663 3225 βορέω
689 3155 810 3212 δὲε
772 3180 810 3228 η
839 3159 1077 3233 Κασπίη
1104 3183 1168 3217 τε
1196 3159 1486 3231 θαλασσα,
1509 3160 1601 3219 καὶ
1617 3158 1649 3219 6
1676 3157 1929 3236 Ἀράξης

316 3232 584 3304 ποταμῡς,
610 3237 746 3309 ῥέων
770 3241 911 3316 πρὸς
933 3241 1131 3318 ἠέλιον
1152 3244 1480 3324 ἀνίσχοντα.
1534 3247 1706 3326 μέχρι
1730 3246 1793 3305 δὲ
1814 3251 1931 3324 τῆς
