2184 3517
321 101 385 151 74
941 93 1309 150 ἮΡοΔοϊοτ
1850 98 1929 167 [1.

318 176 743 258 ἀναμεμίχαται,
774 178 869 239 καὶ
907 178 1200 256 Καδμεῖοι,
1234 178 1326 238 καὶ
1366 177 1638 255 Δρύοπες,
1679 178 1773 239 καὶ
1807 185 1932 240 Φω-

323 266 439 329 κέες
469 265 828 344 ἀποδάσμιοι,
867 267 960 326 καὶ
989 266 1321 337 Μολοσσοὶ,
1351 267 1444 325 καὶ
1474 264 1743 343 Ἀρκάδες
1769 272 1929 326 Πελ-

327 354 514 435 ασγοὶ,
532 355 624 414 καὶ
644 355 881 432 Δωριέες
903 353 1264 432 Ἐπιδαύριοι,
1282 351 1440 432 ᾄλλα
1464 378 1528 413 τε
1555 354 1714 414 ἔθνεα
1729 355 1933 416 πολλὰ

321 441 751 521 ἀναμεμίχαται.
818 446 873 502 οἳ
898 442 958 501 δὲ
983 440 1301 501 αὖτῶν-οἷπό
1330 445 1433 501 τοῦ
1459 443 1799 518 πρυτανηίου
1821 447 1932 504 τοῦ

324 529 633 607 Ἀθηναίων
673 530 1007 608 ὁρμηθέντες
1048 530 1143 589 καὶ
1189 529 1506 606 νομίζοντες
1545 522 1934 610 γενναιότατοι

322 617 464 677 εἶναι
500 617 711 688 Ἰώνων,
740 615 893 677 οὗτοι
924 617 985 677 δὲ
1016 615 1083 677 οὗ
1117 620 1382 698 γυναῖκας
1420 615 1701 698 ἠγάγοντο
1735 622 1790 681 ἐς
1822 617 1935 694 τήν

323 703 600 780 ἀποικίην,
632 704 787 764 ἀλλὰ
802 705 1066 811 Καείρας
1098 705 1287 784 ἔσχον,
1313 708 1424 765 τῶν
1454 703 1768 781 ἐφόνευσαν
1796 705 1934 771 τοῦς

322 793 537 873 γονέας.
605 792 697 852 δια
729 796 928 852 τοῦτον
958 793 1020 852 δὲ
1052 817 1154 853 τον
1187 792 1366 868 φόνον
1390 795 1451 852 αἱ
1474 797 1730 874 γυναῖκες
1762 791 1934 855 αὗται

320 880 495 957 νόμον
525 881 769 957 θέμεναι,
800 881 977 956 σφίσι
1015 879 1223 959 αὗτῇσι
1263 879 1460 958 ὅρκους
1501 879 1800 956 ἐπήλασαν
1834 883 1934 942 καὶ

321 969 643 1053 παρέδοσαν
654 972 790 1047 τῇσι
816 966 1143 1050 θυγατράσι,
1158 967 1241 1045 μή
1268 993 1395 1029 κοτε
1410 967 1758 1046 ὁμοσιτῆσαι
1771 974 1933 1030 τοῖσι

323 1049 576 1135 α’νδράσι,
617 1056 760 1134 μηὸε
802 1055 1070 1133 οὐνόματι
1109 1058 1306 1133 βῶσαι
1344 1055 1444 1117 τόν
1485 1059 1688 1133 εωυτῆς
1732 1054 1932 1136 ανδρα·

320 1146 485 1205 τοῦδε
511 1145 708 1206 εἵνεκα·
750 1143 837 1205 ὄτι
865 1143 1178 1220 ἐφόνευσαν
1194 1144 1388 1221 σφέων
1414 1143 1545 1207 τούς
1569 1145 1813 1223 πατέρας
1833 1147 1936 1206 καὶ

323 1230 524 1312 ἄνδρας
551 1234 644 1292 καὶ
667 1232 884 1303 παῖδας,
914 1232 1006 1291 καὶ
1031 1232 1244 1293 ἔπειτεν
1267 1236 1445 1293 ταῦτα
1474 1231 1813 1307 ποιήσαντες
1835 1233 1938 1294 αὖ·

322 1326 461 1401 τῇσι
501 1322 801 1382 συνοίκεον.
871 1325 1050 1381 ταῦτα
1085 1320 1147 1380 δὲ
1176 1320 1248 1398 ἦν
1276 1320 1545 1403 γινόμενα
1579 1325 1639 1381 ἐν
1669 1321 1935 1402 Μιλήτῳ.

233 1410 345 1471 147
367 1409 651 1471 Βασιλέας
678 1409 738 1468 δὲ
753 1407 1080 1484 ἐστήσαντο
1106 1412 1163 1469 οῖ
1185 1411 1290 1487 μὲν
1322 1408 1504 1470 αὐτῶν
1533 1410 1790 1482 Λυκίους,
1817 1409 1937 1473 α’πὸ

321 1496 581 1557 Γλαύκου
605 1501 706 1557 τοῦ
730 1495 1077 1578 Ἱππολόχου
1102 1496 1421 1578 γεγονότας·
1465 1501 1520 1557 οἱ
1546 1498 1604 1557 δὲ
1632 1497 1937 1564 Καύκωνας

323 1585 589 1656 Πυλίους,
617 1583 728 1645 ‹in-<3
755 1584 980 1664 Κόδρου
1003 1589 1106 1645 τοῦ
1133 1584 1458 1652 Μελάνθου·
1501 1589 1557 1646 οἱ
1588 1586 1650 1645 δὲ
1685 1587 1777 1646 καὶ
1802 1611 1936 1648 συν-

321 1673 691 1752 αμφοτέρους.
758 1673 914 1733 ἀλλὰ
950 1671 1062 1755 γὰρ
1105 1675 1458 1754 περιέχονται
1479 1678 1590 1735 τοῦ
1628 1673 1936 1753 οὐνόματος

321 1762 551 1841 μᾶλλόν
593 1788 651 1822 τι
689 1766 801 1822 τῶν
843 1760 1036 1822 ἄλλων
1078 1759 1294 1832 Ἰώνων,
1338 1763 1594 1823 ἔστωσαν
1636 1763 1697 1823 δὲ
1744 1763 1837 1823 καὶ
1876 1767 1936 1824 οἶ

323 1852 574 1929 καθαρῶς
622 1848 915 1932 γεγονότες
955 1847 1161 1912 Ἴωνες·
1219 1850 1333 1909 εἰσὶ
1375 1850 1436 1910 δὲ
1483 1849 1686 1913 πάντες
1725 1850 1930 1924 Ἴωνες,

323 1937 455 1999 ὅσοι
494 1936 590 1998 ἀπ’
628 1937 880 2013 Ἀθηνῖὀν
908 1936 1182 2018 γεγόνασι
1222 1938 1315 1997 καὶ
1344 1933 1691 2016 Ἀπατούρια
1724 1937 1933 2021 ἄγουσι

322 2025 510 2104 ὁρτήν·
553 2024 758 2106 ἄγουσι
790 2024 849 2084 δὲ
885 2023 1089 2088 πάντες
1120 2025 1274 2101 πλὴν
1298 2025 1583 2101 Ἐφεσίων
1609 2026 1703 2086 καὶ
1739 2031 1930 2088 Κολο-

327 2114 565 2189 φωνίων·
607 2110 763 2173 οὗτοι
796 2110 907 2194 γὰρ
939 2116 1140 2190 μοῦνοι
1168 2111 1366 2174 Ἰαόνων
1390 2112 1492 2173 οὔκ
1523 2113 1730 2196 ἄγουσι
1753 2113 1930 2175 'Ava-

231 2203 346 2262 148
362 2201 570 2279 τούρια,
598 2201 692 2261 καὶ
727 2197 880 2261 οὗτοι
917 2200 1059 2261 κατοὶ
1086 2200 1265 2279 φόνου
1288 2200 1414 2262 τινσῖ
1439 2205 1671 2280 σκῆψιν.
1755 2202 1834 2262 T&
1869 2202 1930 2263 δὲ

324 2290 634 2352 Πανιώνιον
652 2291 778 2352 ἐστὶ
799 2293 903 2366 τῆς
926 2290 1202 2367 Μυκάλης
1216 2294 1398 2369 χῶρος
1424 2290 1542 2368 ἶρός
1563 2289 1706 2369 πρός
1721 2289 1927 2368 ἄρκτον

320 2381 709 2458 τετραμμένος,
731 2383 888 2457 κοινῇ
913 2379 1339 2457 ἐξαραιρημένος
1363 2377 1472 2439 ὖπό
1496 2377 1691 2439 Ἰώνων
1717 2384 1930 2441 Ποσει-

320 2469 477 2529 δέωνι
497 2468 817 2547 Ἑλικωνίῳ·
842 2466 881 2543 ἦ
907 2467 968 2526 δὲ
992 2467 1241 2544 Μυκάλη
1262 2468 1386 2528 ἐστὶ
1408 2471 1509 2543 τῆς
1532 2466 1768 2545 ἠπείρου
1784 2468 1929 2546 ἄκρη

321 2556 462 2633 πρός
486 2557 724 2633 ζέφυρον
740 2555 945 2632 ἄνεμον
966 2554 1290 2631 κατήκουσα
1317 2553 1505 2635 Σάμῳ,
1523 2559 1579 2618 ἐς
1600 2555 1706 2631 τὴν
1720 2560 1928 2617 συλλε-

321 2642 553 2724 γόμενοι
591 2643 705 2704 α’πὸ
744 2646 856 2703 τῶν
883 2643 1101 2703 πολίων
1128 2642 1314 2707 Ἴωνες
1353 2643 1599 2725 ἄγεσκον
1631 2642 1821 2721 ὁρτήν,
1854 2649 1928 2724 τῇ

321 2731 509 2791 ἔθεντο
535 2729 746 2807 οὔνομα
778 2730 1083 2793 Πανιώνια.
1150 2731 1469 2792 πεπόνθασι
1494 2732 1555 2791 δὲ
1581 2729 1701 2792 οὔτι
1722 2735 1929 2810 μοῦναι

321 2821 382 2877 αἱ
409 2815 606 2879 Ἰώνων
639 2818 801 2896 ὁρταὶ
829 2823 1015 2890 τοῦτο,
1051 2818 1210 2879 ἀλλὰ
1241 2818 1335 2879 καὶ
1372 2817 1667 2895 Ἑλλήνων
1703 2819 1929 2881 πάντων

314 2904 523 2983 ομοίως
555 2910 740 2967 πᾶσαι
765 2911 821 2971 ἐς
844 2904 1020 2967 τῶυτο
1057 2906 1297 2988 γράμμα
1326 2910 1648 2980 τελευτῶσι,
1676 2906 1927 2986 κατάπερ

266 2996 434 3076 ’,τῶν
458 2995 727 3071 Περσέων
750 2993 825 3054 τοὶ
850 2992 1153 3072 ουνόματα.

230 3081 347 3139 149
447 3080 626 3142 Αὗται
648 3108 754 3160 μεν
778 3084 838 3142 αἶ
860 3080 1035 3145 Ἰάδες
1057 3082 1254 3145 πόλιές
1279 3084 1408 3142 εἶσι.
1476 3082 1597 3142 αἵδε
1622 3082 1683 3143 δὲ
1707 3084 1767 3143 αἶ
1794 3085 1928 3145 Αἰο-

326 3164 494 3236 λίδες,
520 3167 753 3245 Κύμη“
712 3194 751 3244 η
776 3168 1042 3245 Φρικωνὶς
1072 3169 1402 3245 καλεομένη,
1430 3169 1739 3252 Λήρισσαι,
1772 3172 1930 3233 Νέον

323 3253 526 3328 τεῖχος,
543 3257 782 3330 Τῆμνος,
806 3254 1023 3325 Κίλλα,
1049 3252 1276 3325 Νότιον,
1294 3255 1662 3336 Αἰγιρόεσσα,
1683 3257 1928 3336 Πιτάνη,
