2184 3517
288 112 384 160 284
895 109 1266 160 ἮΡοΔοΤοΤ
1761 108 1896 175 [IV.

286 189 349 249 δὲ
388 190 748 266 Κιμμερίους,
791 187 1056 249 ἐπιόντών
1087 188 1359 259 Σκυθέων,
1400 186 1781 265 βουλεύεσθαι
1826 188 1903 253 ὥς

218 347 222 351 ‚
285 282 531 354 στρατοῦ
584 277 835 341 ἐπιόντος
890 276 1164 359 μεγάλου·
1247 276 1340 336 καὶ
1400 276 1468 352 δὴ
1523 276 1622 340 τοὶς
1669 277 1903 358 γνώμας

257 365 481 442 -σφέων
549 365 978 444 κεχωρισμένας,
1048 363 1302 428 ἐντόνους
1373 366 1479 441 μὲν
1553 364 1902 442 ἀμφοτέρας,

286 453 490 530 α’μείνω
527 454 588 513 δὲ
622 453 727 530 τὴν
761 458 873 513 τῶν
906 452 1219 530 βασιλέων·
1260 451 1367 529 τήν
1401 454 1506 529 μὲν
1543 452 1653 533 γὰρ
1690 452 1761 527 δὴ
1791 451 1903 513 τοῦ

287 534 465 619 δήμου
506 542 698 618 φέρειν
735 541 962 623 γνώμην
1008 540 1081 604 ‹65-
1120 540 1612 600 ἀπαλλάσσεσθαι
1656 543 1903 622 πρῆγμα

287 630 388 704 εἵη,
431 629 574 706 μηδὲ
611 628 754 706 πρὸς
793 627 1049 692 πολλοῦς
1087 628 1351 706 δεόμενον
1391 627 1734 689 κινδυνεύειν·
1790 627 1904 705 τὴν

286 717 348 777 δὲ
370 721 481 777 τῶν
505 717 814 793 βασιλέων,
844 710 1223 795 διαμάχεσθαι
1248 716 1378 794 περὶ
1403 719 1506 792 τῆς
1529 714 1716 795 χώρης
1740 720 1902 775 τοῖσι

287 808 527 865 ἐπιοῦσι·
597 803 773 865 οὔκων
824 803 894 880 δή
951 805 1166 865 ἐθέλειν
1218 804 1519 865 πείθεσθαι
1566 803 1694 863 οὔτε
1741 808 1900 864 τοῖσι

284 894 601 971 βασιλεῦσι
625 893 725 954 τόν
753 893 946 969 δῆμον,
975 891 1104 953 οὔτε
1138 897 1216 972 τῷ
1247 892 1404 972 δήμῳ
1436 892 1566 955 τούς
1590 892 1900 968 βασιλέας·

284 980 417 1045 τοῦς
449 983 553 1059 μὲν
585 981 654 1057 δὴ
692 980 1182 1042 ἀπαλλάσσεσθαι
1217 980 1602 1058 βουλεύεσθαι
1628 978 1900 1059 ἀμαχητὶ,

284 1068 390 1144 τήν
441 1069 629 1149 χώρην
681 1067 1031 1147 παραδόντας
1090 1072 1246 1129 τοῖσι
1306 1073 1548 1129 ἐπιοῦσι·
1629 1071 1784 1129 τοῖσι
1839 1069 1902 1128 δὲ

285 1158 604 1233 βασιλεῦσι
630 1157 840 1228 δόξαι’
814 1183 872 1217 εν
896 1161 969 1236 τῇ
996 1159 1209 1217 ἑωυτῶν
1237 1157 1466 1217 κέεσθαι
1491 1154 1898 1227 ἀποθανόντα,

286 1246 428 1321 μηδὲ
481 1245 830 1327 συμφεύγειν
871 1247 948 1324 τῷ
992 1244 1166 1325 δήμῳ,
1221 1244 1633 1326 λογισαμένους
1671 1270 1787 1304 οσα
1828 1271 1897 1305 τε

286 1331 474 1413 ἀγαθοὶ
519 1333 840 1394 πεπόνθασι
892 1332 985 1391 καὶ
1026 1332 1141 1392 ὅσα
1184 1332 1495 1413 φεύγοντας
1538 1337 1598 1391 ἐκ
1643 1335 1746 1409 τῆς
1785 1340 1899 1391 πα-

286 1421 469 1497 τρίδος
511 1447 655 1481 κακα
697 1420 924 1491 ἐπίδοξα
960 1420 1439 1497 καταλαμβάνειν·
1511 1419 1583 1484 ὦς
1627 1421 1687 1479 δὲ
1733 1419 1898 1490 δόξαι

287 1513 401 1582 σφι
451 1512 643 1578 ταῦτα,
697 1508 1043 1582 διαστάντας,
1095 1509 1188 1567 καὶ
1238 1506 1477 1585 οἷριθμὸν
1531 1509 1689 1570 ἴσους
1734 1533 1896 1588 γενο-

283 1595 497 1671 μένους,
552 1588 839 1674 μάχεσθαι
890 1596 1032 1673 πρὸς
1084 1595 1394 1672 ἀλλήλους·
1464 1596 1556 1655 καὶ
1607 1593 1738 1659 τοῦς
1786 1599 1897 1673 μὲν

284 1681 665 1747 ἀποθανόντας
707 1683 919 1746 πάντας
960 1682 1053 1743 ὕπ’
1085 1687 1314 1754 ἑωυτῶν,
1353 1683 1532 1763 θάψαι
1568 1683 1669 1744 τᾶν
1712 1684 1898 1761 δῆμον

283 1775 395 1832 τῶν
438 1771 763 1850 Κιμμερίων
800 1771 955 1849 παρσῖ
994 1772 1252 1850 ποταμὸν
1291 1771 1655 1850 Τύρην-καί
1697 1778 1898 1847 σφεων

286 1859 369 1919 ἔτι
421 1859 592 1936 δῆλός
638 1864 763 1920 ἐστι
805 1859 838 1919 6
880 1859 1432 1938 τάφος-θάψαντας
1479 1860 1555 1930 δὲ,
1602 1858 1746 1919 οὕτω
1786 1860 1898 1936 τήν
1954 1924 1959 1927 ,

286 1946 476 2016 ἔξοδον
502 1952 563 2007 ἐκ
588 1950 690 2024 τῆς
715 1946 901 2027 χώρης
923 1949 1238 2009 ποιέεσθαι·
1280 1947 1500 2013 Σκύθας
1531 1948 1591 2008 δὲ
1627 1948 1895 2009 ἐπελθόν·

203 2043 385 2101 12τας
417 2037 625 2112 λαβεῖν
656 2037 868 2114 ἐρήμην
903 2035 1008 2111 τὴν
1041 2035 1251 2115 χώρην.
1333 2037 1452 2095 Καὶ
1486 2038 1585 2097 νῦν
1626 2037 1749 2095 ἔστι
1784 2038 1896 2113 μὲν

286 2126 346 2183 ἐν
373 2126 448 2202 τῇ
486 2125 731 2203 Σκυθικῇ
764 2124 1052 2202 Κιμμέρια
1080 2124 1292 2202 τείχεα·
1333 2124 1457 2184 ἔστι
1489 2124 1549 2183 δὲ
1584 2124 1895 2201 Πορθμήῖα

287 2212 591 2291 Κιμμέρια·
634 2212 756 2273 ἔστι
782 2213 842 2272 δὲ
867 2212 961 2272 καὶ
989 2210 1148 2291 χώρη
1175 2208 1387 2289 οὕνομα
1418 2212 1723 2289 Κιμμερίη·
1766 2213 1894 2273 ἔστι

286 2299 347 2358 δὲ
380 2299 679 2379 Βόσπορος
715 2301 1027 2378 Κιμμέριος
1065 2298 1421 2377 καλεόμενος.
1503 2301 1798 2376 φαίνονται
1830 2300 1895 2361 δὲ

287 2390 342 2446 οἱ
379 2389 681 2467 Κιμμέριοι
718 2388 1019 2470 φεύγοντες
1048 2392 1105 2450 ἐς
1143 2387 1249 2463 τήν
1272 2387 1476 2465 Ἀσίην
1500 2413 1632 2452 τους
1667 2387 1891 2453 Σκύθας

291 2475 383 2533 καὶ
424 2475 528 2551 τὴν
569 2477 924 2557 χερσόνησον
964 2477 1269 2547 κτίσαντες,
1312 2480 1372 2537 ἐν
1411 2480 1485 2556 τῇ
1525 2480 1625 2537 νῦν
1661 2476 1892 2554 Σινώπη

282 2564 450 2628 πόλις
474 2565 688 2631 Ἑλλας
713 2567 977 2627 οἴκισται·
1021 2565 1255 2642 φανεροὶ
1296 2563 1360 2625 δέ
1399 2569 1511 2625 εἰσι
1547 2565 1642 2625 καὶ
1667 2591 1722 2625 οι
1748 2565 1891 2630 Σκύ-

232 2723 237 2729 *
289 2651 385 2710 θαι
430 2652 717 2722 διώξαντες
763 2680 963 2719 αυτους
1006 2654 1100 2713 καὶ
1146 2652 1495 2730 ἐσβαλόντες
1536 2659 1594 2718 ἐς
1634 2657 1745 2736 γῆν
1784 2653 1893 2730 τήν

282 2851 396 2902 ριοι
421 2826 528 2885 αἰεὶ
552 2828 658 2904 τήν
682 2829 838 2906 παραὶ
874 2829 1181 2891 θάλασσαν
1206 2831 1464 2911 ἔφευγον·
1505 2833 1561 2890 οἶ
1591 2830 1651 2890 δὲ
1675 2830 1892 2895 Σκύθαι

282 2917 343 2971 ἐν
381 2913 532 2991 δεξιῇ
568 2915 669 2975 τᾶν
710 2914 1016 2977 Καύκασον
1056 2919 1278 3031 ἔχοντες
1317 2918 1560 2979 ἐδίωκον·
1609 2922 1666 2983 ἐς
1697 2917 1733 2979 ὃ
1763 2920 1888 2979 ἐσέ-

278 3000 469 3072 βαλον
509 3006 565 3062 ἐς
598 3001 704 3076 τήν
737 3002 998 3079 Μηδικὴν
1033 3030 1161 3084 γην,
1191 3011 1248 3067 ἐς
1274 3004 1592 3086 μεσόγαιαν
1621 3011 1725 3082 τῆς
1753 3005 1889 3067 ὁδοῦ

279 3087 637 3160 τραφθέντες.
717 3115 878 3152 ουτος
902 3090 963 3149 δὲ
989 3088 1168 3153 ἄλλος
1194 3091 1354 3160 ξυνός
1377 3092 1671 3172 Ἑλλήνων
1698 3119 1761 3155 τε
1789 3094 1884 3154 καὶ

277 3170 589 3245 βαρβάρων
615 3174 918 3255 λεγόμενος
942 3175 1117 3256 λόγος
1144 3177 1376 3269 εἴρηται.

187 3253 261 3310 13
350 3254 507 3324 Ἔφη
547 3257 607 3317 δὲ
645 3258 935 3335 Ἀριστέης
975 3260 1008 3319 6
1049 3248 1476 3343 Καΰστροβιου,
1532 3265 1673 3344 οἷνήρ
1723 3272 1879 3344 Προ-
