2184 3517
310 121 409 171 102
924 123 1295 173 ἯΡοΔοΤοτ
1841 117 1926 184 [1.

215 204 334 263 205
399 201 523 262 Ἠν
549 201 625 274 δὲ,
649 206 753 263 τοῦ
778 200 978 280 ἅνδρός
1013 200 1411 272 ἀποθανόντος,
1442 199 1583 283 γυνὴ
1609 203 1721 260 τῶν
1746 205 1931 259 Mau·-

310 290 592 371 σαγετέων
614 290 910 366 βασίλεια·
950 289 1194 368 Τόμυρίς
1217 293 1273 350 οἱ
1304 288 1375 366 ἦν
1403 288 1627 366 οὔνομα.
1708 286 1933 363 ταύτην

229 424 232 429 .
310 378 545 454 πέμπων
570 377 601 438 6
628 382 816 455 Κῦρος
841 382 1046 455 ἐμνᾶτο
1069 383 1149 457 τῷ
1173 376 1343 459 λόγῳ,
1372 378 1551 438 θέλων
1585 379 1824 458 γυναῖκα
1848 374 1934 452 ἢν

255 464 264 479 “
313 467 476 546 ἔχειν·
516 466 555 544 ἡ
582 467 641 526 δὲ
659 466 907 544 ,Τόμυρις
947 471 1207 527 συνιεῖσα
1233 466 1334 527 οὐκ
1361 463 1537 542 αὐτήν
1566 489 1664 542 μιν
1699 464 1931 542 μνώμε-

312 580 426 627 νον,
466 554 622 614 ἀλλὰ
658 553 763 630 τὴν
794 555 1223 636 Μασσαγετέων
1264 553 1598 631 βασιληίην,
1642 551 1933 613 ἀπείπατο

277 696 284 705 .
311 641 415 718 τὴν
440 641 740 721 πρόσοδον.
823 647 1012 721 Κῦρος
1036 644 1099 702 δὲ
1122 642 1265 721 μετὰ
1287 647 1471 716 τοῦτο,
1501 642 1573 704 ὥς
1599 644 1653 701 οἳ
1678 640 1743 701 δο
1785 668 1828 721 ῳ
1855 639 1932 701 οὖ

313 728 640 809 προεχώρεε,
669 730 883 794 ἐλάσας
907 731 1001 791 ἐπὶ
1025 731 1127 792 τὸν
1154 730 1397 808 Ἀράξεα
1429 729 1676 790 ἐποιέετο
1718 734 1780 788 ἐκ
1818 734 1931 790 τοῦ

317 819 594 896 ἐμφανέος
631 819 723 879 ἐπὶ
746 818 876 882 τούς
901 819 1294 901 Μασσαγέτας
1321 818 1643 896 στρατηίην,
1668 817 1931 899 γεφύρας

314 933 379 968 τε
393 906 685 1018 ζευγνύων
716 908 808 967 ἐπὶ
846 911 947 967 τοῦ
986 912 1245 985 ποταμοῦ
1285 907 1556 984 διάβασιν
1578 910 1656 985 τῷ
1681 911 1928 987 στρατῷ,

322 996 415 1054 καὶ
447 994 700 1078 πύργους
740 995 833 1055 ἐπὶ
867 996 1082 1056 πλοίων
1119 1000 1230 1056 τῶν
1270 993 1785 1073 διαπορθμευόντων
1821 994 1930 1055 τόν

226 1086 340 1145 206
357 1083 614 1188 ποταμὸν
661 1081 1134 1187 οἰκοδομεόμενος.
1219 1082 1455 1163 Ἔχοντι
1505 1082 1568 1143 δέ
1617 1086 1673 1143 οῖ
1721 1087 1930 1144 τοῦτον

322 1164 422 1226 τᾶν
444 1165 633 1237 πόνον,
658 1166 950 1244 πέμψασα
974 1164 1014 1241 ἡ
1052 1164 1295 1243 Τόμυρις
1320 1164 1532 1243 κήρυκα
1572 1165 1732 1246 ἔλεγε
1768 1164 1930 1224 τάδε·

318 1252 351 1272 ‘⁸
368 1252 410 1313 ὦ
449 1256 702 1331 βασιλεῦ
728 1252 955 1328 Μήδων,
993 1258 1213 1313 παῦσαι
1238 1252 1494 1314 σπεύδων
1530 1250 1604 1313 τοὶ
1643 1252 1927 1316 σπεύδεις·

327 1333 392 1394 οὗ
440 1333 553 1436 γάρ
611 1333 682 1395 ἂν
723 1334 929 1411 εἰδείης
974 1336 1024 1394 εἴ
1064 1360 1157 1394 τοι
1201 1338 1258 1398 ἐς
1301 1333 1493 1412 καιρόν
1538 1333 1697 1394 ἔσται
1746 1339 1930 1395 ταῦτα

321 1415 642 1493 τελεύμενα·
683 1415 1040 1493 παυσάμενος
1080 1415 1158 1487 δε,
1203 1416 1483 1492 βασίλευε
1522 1438 1634 1476 των
1676 1420 1929 1477 σεωυτοῦ

324 1504 416 1562 καὶ
439 1504 615 1581 ἡμέας
638 1502 838 1583 α’νέχευ
864 1503 1034 1582 ὁρέων
1061 1530 1338 1584 αρχοντας
1374 1508 1486 1565 τῶν
1522 1529 1631 1582 περ
1657 1530 1928 1583 αρχομεν.

325 1590 498 1652 οὔκων
524 1590 814 1667 ἐθελήσεις
850 1590 1174 1672 ὖποθήκῃσι
1211 1592 1409 1670 τῇσίδε
1448 1591 1734 1672 χρέεσθαι,
1768 1591 1930 1653 ἀλλὰ

325 1679 509 1741 πάντα
532 1684 759 1758 μᾶλλον
783 1677 820 1757 ἢ
847 1679 915 1740 δι’
939 1679 1182 1760 ἡσυχίης
1207 1679 1371 1751 εἷναις
1416 1681 1491 1741 σῦ
1518 1680 1580 1739 δὲ
1599 1682 1647 1739 εἰ
1669 1680 1933 1761 μεγάλως

327 1768 639 1846 προθυμέαι
663 1767 1090 1850 Μασσαγετέων
1127 1769 1475 1846 πειρηθῆναι,
1516 1768 1671 1846 φέρε,
1710 1767 1934 1848 μόχθον

324 1860 431 1935 μὲν
473 1855 575 1917 τᾶν
620 1857 764 1937 ἔχεις
807 1857 1030 1938 ζευγνῦς
1072 1855 1174 1918 τόν
1217 1856 1475 1935 ποταμὸν
1519 1855 1677 1932 ἄφες,
1722 1855 1798 1916 σι)
1851 1857 1932 1929 δὲ,

327 1943 512 2023 ἡμέων
538 1944 1018 2025 ἀναχωρησάντων
1041 1944 1156 2006 από
1196 1949 1298 2006 τοῦ
1323 1949 1581 2023 ποταμοῦ
1606 1948 1773 2023 τριῶν
1797 1944 1934 2023 ἡμε-

328 2034 467 2111 ρέων
508 2032 652 2104 ὁδὸν,
697 2034 952 2110 διάβαινε
998 2038 1055 2098 ἐς
1094 2033 1199 2110 τὴν
1243 2032 1536 2112 ἡμετέρην·
1580 2037 1629 2094 εἷ
1669 2032 1716 2093 δ’
1754 2032 1934 2111 ἡμέας

330 2120 573 2199 βούλεαι
615 2122 954 2193 ἐσδέξασθαι
998 2126 1228 2200 μᾶλλον
1276 2126 1333 2186 ἐς
1374 2120 1481 2199 τήν
1524 2122 1812 2200 ῦμετέρην·
1855 2123 1934 2183 σὺ

331 2209 508 2271 τῶυτὸ
529 2216 695 2272 τοῦτο
719 2210 924 2271 volte-'⁹
978 2216 1156 2273 ταῦτα
1171 2211 1231 2271 δὲ
1245 2209 1536 2275 άκούσαςό
1560 2215 1749 2289 Κῦρος
1773 2237 1933 2272 συνε-

333 2298 542 2360 κάλεσε
553 2300 827 2378 Περσέων
839 2299 971 2364 τοῦς
984 2299 1251 2377 πρώτους,
1269 2300 1600 2381 συναγείρας
1620 2299 1681 2359 δὲ
1704 2297 1935 2364 τούτους

333 2392 389 2451 ἐς
424 2388 606 2465 μέσον
653 2394 767 2465 σφι
808 2388 1097 2466 προετίθεε
1137 2385 1204 2448 τό
1247 2390 1500 2468 πρῆγμα,
1543 2386 1934 2465 συμβουλευό-

335 2502 499 2553 μενος
526 2474 759 2554 ὁκότερα
782 2476 963 2556 ποιέῃ·
1003 2480 1116 2536 τῶν
1156 2475 1216 2536 δὲ
1256 2475 1396 2536 κατὰ
1428 2474 1607 2537 τωυτό
1633 2478 1692 2536 αἱ
1716 2480 1936 2558 γνῶμαι

332 2564 735 2634 συνεξέπιπτον
774 2562 1109 2625 κελευόντων
1133 2563 1467 2625 ἐσδέκεσθαι
1488 2563 1732 2643 Τόμυρίν
1755 2590 1819 2625 τε
1843 2566 1937 2624 καὶ

239 2654 355 2713 207
373 2650 473 2712 τᾶν
522 2650 769 2729 στρατὸν
821 2651 991 2728 αὐτῆς
1044 2658 1102 2716 ἐς
1155 2651 1261 2730 τὴν
1311 2651 1514 2732 χώρην.
1597 2651 1834 2732 Παρεῶν
1877 2642 1937 2712 δε

336 2740 428 2800 καὶ
450 2738 812 2817 μεμφόμενος
833 2737 940 2817 τήν
963 2740 1191 2821 γνώμην
1227 2739 1435 2818 ταύτην
1463 2744 1713 2819 Κροῖσος
1752 2739 1786 2801 6
1824 2745 1934 2800 Λυ-

336 2827 448 2898 δὸς,
500 2826 854 2888 ἀπεδείκνυτο
910 2828 1160 2905 ἐναντίην
1216 2832 1288 2908 τῇ
1352 2830 1688 2908 προκειμένῃ
1742 2854 1936 2911 γνωμῃ

338 2918 519 2998 λέγων
553 2914 704 2975 τάδε·
745 2924 783 2951 “
799 2914 841 2975 ὦ
880 2916 1149 2992 βασιλεῦ,
1196 2916 1353 2977 εἶπον
1386 2920 1496 2994 μὲν
1536 2918 1630 2977 καὶ
1666 2916 1936 2995 πρότερόν

337 3029 427 3063 τοι
452 3002 539 3064 ὅτι
566 3004 692 3063 ἐπεί
709 3029 783 3081 με
801 3002 935 3068 Ζεῦς
952 3004 1118 3063 ἔδωκε’
1139 3028 1244 3075 τοι,
1260 3003 1326 3064 τό
1355 3031 1424 3064 αν
1450 3004 1560 3083 ὁρω
1535 3003 1873 3081 “σφάλμα’
1847 3004 1938 3066 cdv

341 3091 472 3150 οἴκω
510 3095 588 3171 τῷ
640 3096 724 3171 σῷ
768 3091 911 3152 κατὰ
955 3090 1187 3171 δύναμιν
1227 3091 1584 3172 ἀποτρέψειν·
1623 3092 1697 3153 τοὶ
1741 3094 1839 3154 δέ
1840 3119 1939 3170 μοι

339 3176 700 3256 παθήματα’
674 3178 837 3240 εόντα
860 3178 1103 3259 ἀχάριτα
1120 3179 1429 3258 μαθήματα
1450 3180 1696 3263 γεγόνεε.
1765 3184 1939 3261 εἰμὲν

340 3261 616 3329 ἀθάνατος
647 3266 931 3329 δοκέεις’
878 3291 1018 3327 ειναι
1042 3267 1138 3327 καὶ
1161 3270 1431 3345 στρατιῆς
1458 3267 1718 3347 τοιαύτης
1747 3268 1942 3347 ὅρχειν
