<?xml version="1.0" encoding="UTF-8"?>
<!DOCTYPE html PUBLIC "-//W3C//DTD XHTML 1.0 Transitional//EN"
    "http://www.w3.org/TR/xhtml1/DTD/xhtml1-transitional.dtd">
<html xmlns="http://www.w3.org/1999/xhtml" xml:lang="en" lang="en">
 <head>
  <title>
</title>
<meta http-equiv="Content-Type" content="text/html;charset=utf-8" />
  <meta name='ocr-system' content='tesseract 3.04.00' />
  <meta name='ocr-capabilities' content='ocr_page ocr_carea ocr_par ocr_line ocrx_word'/>
</head>
<body>
  <div class='ocr_page' id='page_1' title='image "./herodotus02unkngoog_0348.png"; bbox 0 0 2184 3517; ppageno 0'>
   <div class='ocr_carea' id='block_1_1' title="bbox 219 89 1969 3324">
    <p class='ocr_par' dir='ltr' id='par_1_1' title="bbox 219 89 1969 3324">
     <span class='ocr_line' id='line_1_1' title="bbox 314 89 1917 153; baseline -0.002 -11"><span class='ocrx_word' id='word_1_1' title='bbox 314 95 409 143; x_wconf 81' lang='lat'>328</span> <span class='ocrx_word' id='word_1_2' title='bbox 916 91 1283 144; x_wconf 69' lang='grc' dir='ltr'>ἪΡοΔοΤοτ</span> <span class='ocrx_word' id='word_1_3' title='bbox 1796 89 1917 153; x_wconf 86' lang='lat' dir='ltr'><strong>[IV.</strong></span> 
     </span>
     <span class='ocr_line' id='line_1_2' title="bbox 311 168 1926 255; baseline -0.004 -20"><span class='ocrx_word' id='word_1_4' title='bbox 311 201 441 238; x_wconf 90' lang='grc' dir='ltr'>τους</span> <span class='ocrx_word' id='word_1_5' title='bbox 471 177 575 251; x_wconf 83' lang='grc' dir='ltr'>μὲν</span> <span class='ocrx_word' id='word_1_6' title='bbox 608 173 675 250; x_wconf 72' lang='grc' dir='ltr'>δή</span> <span class='ocrx_word' id='word_1_7' title='bbox 711 171 960 255; x_wconf 76' lang='grc' dir='ltr'>ὖπάγειν,</span> <span class='ocrx_word' id='word_1_8' title='bbox 988 172 1058 250; x_wconf 90' lang='grc' dir='ltr'>ἢν</span> <span class='ocrx_word' id='word_1_9' title='bbox 1084 172 1176 231; x_wconf 78' lang='grc' dir='ltr'>ἐπὶ</span> <span class='ocrx_word' id='word_1_10' title='bbox 1209 173 1378 233; x_wconf 75' lang='grc' dir='ltr'>τοῦτο</span> <span class='ocrx_word' id='word_1_11' title='bbox 1407 170 1687 247; x_wconf 78' lang='grc' dir='ltr'>τράπηται</span> <span class='ocrx_word' id='word_1_12' title='bbox 1713 168 1747 231; x_wconf 80' lang='grc' dir='ltr'>ὅ</span> <span class='ocrx_word' id='word_1_13' title='bbox 1775 170 1926 247; x_wconf 86' lang='grc' dir='ltr'>Πέρ-</span> 
     </span>
     <span class='ocr_line' id='line_1_3' title="bbox 313 258 1928 338; baseline -0.006 -13"><span class='ocrx_word' id='word_1_14' title='bbox 313 288 438 338; x_wconf 87' lang='grc' dir='ltr'>σης,</span> <span class='ocrx_word' id='word_1_15' title='bbox 457 262 545 322; x_wconf 76' lang='grc' dir='ltr'>ἰθὺ</span> <span class='ocrx_word' id='word_1_16' title='bbox 571 262 838 324; x_wconf 81' lang='grc' dir='ltr'>Τανάϊδος</span> <span class='ocrx_word' id='word_1_17' title='bbox 862 266 1122 337; x_wconf 84' lang='grc' dir='ltr'>ποταμοῦ</span> <span class='ocrx_word' id='word_1_18' title='bbox 1151 259 1303 338; x_wconf 70' lang='grc' dir='ltr'>παρὰ</span> <span class='ocrx_word' id='word_1_19' title='bbox 1328 258 1432 334; x_wconf 80' lang='grc' dir='ltr'>τὴν</span> <span class='ocrx_word' id='word_1_20' title='bbox 1446 263 1696 334; x_wconf 77' lang='grc' dir='ltr'>Μαιῆτιν</span> <span class='ocrx_word' id='word_1_21' title='bbox 1714 258 1928 335; x_wconf 81' lang='grc' dir='ltr'>λίμνην</span> 
     </span>
     <span class='ocr_line' id='line_1_4' title="bbox 312 346 1926 432; baseline -0.001 -22"><span class='ocrx_word' id='word_1_22' title='bbox 312 349 751 432; x_wconf 68' lang='grc' dir='ltr'>ὑποφεύγοντας,</span> <span class='ocrx_word' id='word_1_23' title='bbox 779 347 1192 412; x_wconf 78' lang='grc' dir='ltr'>ἅπελαύνοντός</span> <span class='ocrx_word' id='word_1_24' title='bbox 1225 373 1289 407; x_wconf 92' lang='grc' dir='ltr'>τε</span> <span class='ocrx_word' id='word_1_25' title='bbox 1323 350 1427 406; x_wconf 81' lang='grc' dir='ltr'>τοῦ</span> <span class='ocrx_word' id='word_1_26' title='bbox 1460 348 1712 423; x_wconf 84' lang='grc' dir='ltr'>Πέρσεω,</span> <span class='ocrx_word' id='word_1_27' title='bbox 1741 346 1926 408; x_wconf 85' lang='grc' dir='ltr'>ἐπιόν-</span> 
     </span>
     <span class='ocr_line' id='line_1_5' title="bbox 310 435 1927 514; baseline -0.003 -15"><span class='ocrx_word' id='word_1_28' title='bbox 310 463 411 502; x_wconf 86' lang='grc' dir='ltr'>τας</span> <span class='ocrx_word' id='word_1_29' title='bbox 451 439 682 499; x_wconf 80' lang='grc' dir='ltr'>διώκειν.</span> <span class='ocrx_word' id='word_1_30' title='bbox 750 437 888 513; x_wconf 81' lang='grc' dir='ltr'>αὕτη</span> <span class='ocrx_word' id='word_1_31' title='bbox 923 437 1029 514; x_wconf 88' lang='grc' dir='ltr'>μέν</span> <span class='ocrx_word' id='word_1_32' title='bbox 1053 442 1170 513; x_wconf 86' lang='grc' dir='ltr'>σφι</span> <span class='ocrx_word' id='word_1_33' title='bbox 1202 436 1306 512; x_wconf 92' lang='grc' dir='ltr'>μία</span> <span class='ocrx_word' id='word_1_34' title='bbox 1330 435 1401 511; x_wconf 84' lang='grc' dir='ltr'>ἦν</span> <span class='ocrx_word' id='word_1_35' title='bbox 1425 439 1598 512; x_wconf 82' lang='grc' dir='ltr'>μοῖρα</span> <span class='ocrx_word' id='word_1_36' title='bbox 1621 439 1724 511; x_wconf 86' lang='grc' dir='ltr'>τῆς</span> <span class='ocrx_word' id='word_1_37' title='bbox 1747 437 1927 511; x_wconf 89' lang='grc' dir='ltr'>βασι-</span> 
     </span>
     <span class='ocr_line' id='line_1_6' title="bbox 313 521 1928 607; baseline 0 -22"><span class='ocrx_word' id='word_1_38' title='bbox 313 526 493 603; x_wconf 81' lang='grc' dir='ltr'>ληΐης,</span> <span class='ocrx_word' id='word_1_39' title='bbox 520 526 829 607; x_wconf 79' lang='grc' dir='ltr'>τεταγμένη</span> <span class='ocrx_word' id='word_1_40' title='bbox 852 524 1062 601; x_wconf 89' lang='grc' dir='ltr'>ταύτην</span> <span class='ocrx_word' id='word_1_41' title='bbox 1087 524 1192 599; x_wconf 74' lang='grc' dir='ltr'>τήν</span> <span class='ocrx_word' id='word_1_42' title='bbox 1219 522 1352 584; x_wconf 79' lang='grc' dir='ltr'>ὁδὸν</span> <span class='ocrx_word' id='word_1_43' title='bbox 1378 521 1523 601; x_wconf 84' lang='grc' dir='ltr'>ᾗπερ</span> <span class='ocrx_word' id='word_1_44' title='bbox 1551 523 1782 600; x_wconf 79' lang='grc' dir='ltr'>εἴρηται·</span> <span class='ocrx_word' id='word_1_45' title='bbox 1821 523 1928 586; x_wconf 74' lang='grc' dir='ltr'>τὰς</span> 
     </span>
     <span class='ocr_line' id='line_1_7' title="bbox 312 609 1928 691; baseline -0.002 -19"><span class='ocrx_word' id='word_1_46' title='bbox 312 613 372 673; x_wconf 82' lang='grc' dir='ltr'>δὲ</span> <span class='ocrx_word' id='word_1_47' title='bbox 420 613 517 672; x_wconf 87' lang='grc' dir='ltr'>δύο</span> <span class='ocrx_word' id='word_1_48' title='bbox 559 617 669 674; x_wconf 77' lang='grc' dir='ltr'>τῶν</span> <span class='ocrx_word' id='word_1_49' title='bbox 716 612 1054 689; x_wconf 66' lang='grc' dir='ltr'>βασιληίων,</span> <span class='ocrx_word' id='word_1_50' title='bbox 1096 611 1200 687; x_wconf 88' lang='grc' dir='ltr'>τήν</span> <span class='ocrx_word' id='word_1_51' title='bbox 1242 636 1306 670; x_wconf 94' lang='grc' dir='ltr'>τε</span> <span class='ocrx_word' id='word_1_52' title='bbox 1344 610 1602 691; x_wconf 78' lang='grc' dir='ltr'>μεγάλην</span> <span class='ocrx_word' id='word_1_53' title='bbox 1639 613 1742 686; x_wconf 80' lang='grc' dir='ltr'>τῆς</span> <span class='ocrx_word' id='word_1_54' title='bbox 1780 609 1928 690; x_wconf 77' lang='grc' dir='ltr'>ἦρχε</span> 
     </span>
     <span class='ocr_line' id='line_1_8' title="bbox 311 698 1924 809; baseline -0.002 -49.966"><span class='ocrx_word' id='word_1_55' title='bbox 311 699 669 777; x_wconf 76' lang='grc' dir='ltr'>Ἰδάνθυρσος</span> <span class='ocrx_word' id='word_1_56' title='bbox 701 700 794 759; x_wconf 86' lang='grc' dir='ltr'>καὶ</span> <span class='ocrx_word' id='word_1_57' title='bbox 830 700 935 775; x_wconf 74' lang='grc' dir='ltr'>τήν</span> <span class='ocrx_word' id='word_1_58' title='bbox 971 700 1165 809; x_wconf 81' lang='grc' dir='ltr'>τρίτην</span> <span class='ocrx_word' id='word_1_59' title='bbox 1190 702 1292 774; x_wconf 85' lang='grc' dir='ltr'>τῆς</span> <span class='ocrx_word' id='word_1_60' title='bbox 1327 698 1635 773; x_wconf 58' lang='grc' dir='ltr'>ἐβασιλευε</span> <span class='ocrx_word' id='word_1_61' title='bbox 1661 698 1924 768; x_wconf 79' lang='grc' dir='ltr'>Ταξακις,</span> 
     </span>
     <span class='ocr_line' id='line_1_9' title="bbox 313 786 1929 857; baseline 0 -10"><span class='ocrx_word' id='word_1_62' title='bbox 313 787 756 851; x_wconf 83' lang='grc' dir='ltr'>συνελθούσας’</span> <span class='ocrx_word' id='word_1_63' title='bbox 730 813 784 851; x_wconf 89' lang='grc' dir='ltr'>ες</span> <span class='ocrx_word' id='word_1_64' title='bbox 809 787 1006 857; x_wconf 82' lang='grc' dir='ltr'>τῶυτο,</span> <span class='ocrx_word' id='word_1_65' title='bbox 1036 786 1129 845; x_wconf 87' lang='grc' dir='ltr'>καὶ</span> <span class='ocrx_word' id='word_1_66' title='bbox 1154 790 1422 846; x_wconf 79' lang='grc' dir='ltr'>Γελωνῶν</span> <span class='ocrx_word' id='word_1_67' title='bbox 1434 811 1497 845; x_wconf 90' lang='grc' dir='ltr'>τε</span> <span class='ocrx_word' id='word_1_68' title='bbox 1524 786 1617 844; x_wconf 83' lang='grc' dir='ltr'>καὶ</span> <span class='ocrx_word' id='word_1_69' title='bbox 1644 786 1929 847; x_wconf 85' lang='grc' dir='ltr'>Βουδίνων</span> 
     </span>
     <span class='ocr_line' id='line_1_10' title="bbox 310 866 1933 954; baseline -0.001 -20"><span class='ocrx_word' id='word_1_70' title='bbox 310 876 779 954; x_wconf 81' lang='grc' dir='ltr'>προσγινομένων,</span> <span class='ocrx_word' id='word_1_71' title='bbox 805 874 1016 953; x_wconf 78' lang='grc' dir='ltr'>ἡμέρης</span> <span class='ocrx_word' id='word_1_72' title='bbox 1046 875 1139 934; x_wconf 85' lang='grc' dir='ltr'>καὶ</span> <span class='ocrx_word' id='word_1_73' title='bbox 1175 873 1406 937; x_wconf 82' lang='grc' dir='ltr'>τούτους</span> <span class='ocrx_word' id='word_1_74' title='bbox 1434 873 1543 952; x_wconf 71' lang='grc' dir='ltr'>ὁδῷ</span> <span class='ocrx_word' id='word_1_75' title='bbox 1577 866 1933 952; x_wconf 80' lang='grc' dir='ltr'>προέχοντας</span> 
     </span>
     <span class='ocr_line' id='line_1_11' title="bbox 311 961 1930 1044; baseline -0.001 -20"><span class='ocrx_word' id='word_1_76' title='bbox 311 969 422 1025; x_wconf 79' lang='grc' dir='ltr'>τῶν</span> <span class='ocrx_word' id='word_1_77' title='bbox 455 965 724 1042; x_wconf 89' lang='grc' dir='ltr'>Περσέων</span> <span class='ocrx_word' id='word_1_78' title='bbox 763 961 1141 1044; x_wconf 69' lang='grc' dir='ltr'>υπεξοῖγειν,</span> <span class='ocrx_word' id='word_1_79' title='bbox 1108 962 1372 1025; x_wconf 87' lang='grc' dir='ltr'>υπιόντας</span> <span class='ocrx_word' id='word_1_80' title='bbox 1404 988 1468 1023; x_wconf 89' lang='grc' dir='ltr'>τε</span> <span class='ocrx_word' id='word_1_81' title='bbox 1501 963 1597 1021; x_wconf 86' lang='grc' dir='ltr'>καὶ</span> <span class='ocrx_word' id='word_1_82' title='bbox 1630 968 1930 1029; x_wconf 80' lang='grc' dir='ltr'>ποιεῦντας</span> 
     </span>
     <span class='ocr_line' id='line_1_12' title="bbox 309 1048 1931 1131; baseline -0.001 -18"><span class='ocrx_word' id='word_1_83' title='bbox 309 1051 381 1113; x_wconf 83' lang='grc' dir='ltr'>τοὶ</span> <span class='ocrx_word' id='word_1_84' title='bbox 420 1053 869 1130; x_wconf 84' lang='grc' dir='ltr'>βεβουλευμένα.</span> <span class='ocrx_word' id='word_1_85' title='bbox 936 1055 1130 1128; x_wconf 76' lang='grc' dir='ltr'>πρῶτα</span> <span class='ocrx_word' id='word_1_86' title='bbox 1169 1051 1275 1127; x_wconf 87' lang='grc' dir='ltr'>μέν</span> <span class='ocrx_word' id='word_1_87' title='bbox 1315 1076 1411 1110; x_wconf 91' lang='grc' dir='ltr'>νυν</span> <span class='ocrx_word' id='word_1_88' title='bbox 1453 1048 1689 1131; x_wconf 74' lang='grc' dir='ltr'>ὑπάγειν</span> <span class='ocrx_word' id='word_1_89' title='bbox 1730 1052 1931 1127; x_wconf 84' lang='grc' dir='ltr'>σφέας</span> 
     </span>
     <span class='ocr_line' id='line_1_13' title="bbox 316 1137 1930 1220; baseline -0.001 -20"><span class='ocrx_word' id='word_1_90' title='bbox 316 1139 408 1200; x_wconf 68' lang='grc' dir='ltr'>ἰθύ</span> <span class='ocrx_word' id='word_1_91' title='bbox 454 1144 566 1201; x_wconf 77' lang='grc' dir='ltr'>τῶν</span> <span class='ocrx_word' id='word_1_92' title='bbox 606 1140 828 1220; x_wconf 87' lang='grc' dir='ltr'>χωρέων</span> <span class='ocrx_word' id='word_1_93' title='bbox 878 1142 988 1198; x_wconf 76' lang='grc' dir='ltr'>τῶν</span> <span class='ocrx_word' id='word_1_94' title='bbox 1039 1137 1429 1215; x_wconf 78' lang='grc' dir='ltr'>ἀπειπαμένων</span> <span class='ocrx_word' id='word_1_95' title='bbox 1477 1137 1583 1213; x_wconf 83' lang='grc' dir='ltr'>τὴν</span> <span class='ocrx_word' id='word_1_96' title='bbox 1635 1140 1930 1216; x_wconf 88' lang='grc' dir='ltr'>σφετέρην</span> 
     </span>
     <span class='ocr_line' id='line_1_14' title="bbox 311 1224 1930 1309; baseline 0.001 -23"><span class='ocrx_word' id='word_1_97' title='bbox 311 1224 656 1307; x_wconf 81' lang='grc' dir='ltr'>συμμαχίην,</span> <span class='ocrx_word' id='word_1_98' title='bbox 696 1225 813 1309; x_wconf 81' lang='grc' dir='ltr'>[ἵνα</span> <span class='ocrx_word' id='word_1_99' title='bbox 852 1227 945 1286; x_wconf 83' lang='grc' dir='ltr'>καὶ</span> <span class='ocrx_word' id='word_1_100' title='bbox 984 1225 1214 1289; x_wconf 75' lang='grc' dir='ltr'>τούτους</span> <span class='ocrx_word' id='word_1_101' title='bbox 1253 1225 1736 1308; x_wconf 49' lang='grc' dir='ltr'>ἐκπολεμώσωσα]</span> <span class='ocrx_word' id='word_1_102' title='bbox 1782 1232 1830 1286; x_wconf 83' lang='grc' dir='ltr'>εἷ</span> <span class='ocrx_word' id='word_1_103' title='bbox 1863 1229 1930 1288; x_wconf 87' lang='grc' dir='ltr'>δὲ</span> 
     </span>
     <span class='ocr_line' id='line_1_15' title="bbox 310 1313 1927 1396; baseline 0.001 -23"><span class='ocrx_word' id='word_1_104' title='bbox 310 1314 391 1392; x_wconf 76' lang='grc' dir='ltr'>μή</span> <span class='ocrx_word' id='word_1_105' title='bbox 419 1314 635 1379; x_wconf 82' lang='grc' dir='ltr'>ἑκόντες</span> <span class='ocrx_word' id='word_1_106' title='bbox 657 1340 726 1396; x_wconf 89' lang='grc' dir='ltr'>γε</span> <span class='ocrx_word' id='word_1_107' title='bbox 755 1313 1042 1374; x_wconf 77' lang='grc' dir='ltr'>ὖπέδυσαν</span> <span class='ocrx_word' id='word_1_108' title='bbox 1064 1313 1167 1374; x_wconf 76' lang='grc' dir='ltr'>τὸν</span> <span class='ocrx_word' id='word_1_109' title='bbox 1200 1313 1454 1392; x_wconf 88' lang='grc' dir='ltr'>πόλεμον</span> <span class='ocrx_word' id='word_1_110' title='bbox 1479 1314 1578 1375; x_wconf 73' lang='grc' dir='ltr'>τὸν</span> <span class='ocrx_word' id='word_1_111' title='bbox 1602 1314 1744 1392; x_wconf 68' lang='grc' dir='ltr'>πρὸς</span> <span class='ocrx_word' id='word_1_112' title='bbox 1772 1316 1927 1394; x_wconf 87' lang='grc' dir='ltr'>Πέρ-</span> 
     </span>
     <span class='ocr_line' id='line_1_16' title="bbox 313 1401 1930 1479; baseline 0.001 -17"><span class='ocrx_word' id='word_1_113' title='bbox 313 1428 437 1476; x_wconf 90' lang='grc' dir='ltr'>σας,</span> <span class='ocrx_word' id='word_1_114' title='bbox 493 1401 626 1462; x_wconf 75' lang='grc' dir='ltr'>οἶλλ’</span> <span class='ocrx_word' id='word_1_115' title='bbox 679 1401 916 1465; x_wconf 78' lang='grc' dir='ltr'>ἄκοντας</span> <span class='ocrx_word' id='word_1_116' title='bbox 970 1405 1385 1477; x_wconf 80' lang='grc' dir='ltr'>ἐκπολεμῶσαι·</span> <span class='ocrx_word' id='word_1_117' title='bbox 1446 1401 1590 1479; x_wconf 81' lang='grc' dir='ltr'>μετοῖ</span> <span class='ocrx_word' id='word_1_118' title='bbox 1641 1403 1700 1461; x_wconf 85' lang='grc' dir='ltr'>δὲ</span> <span class='ocrx_word' id='word_1_119' title='bbox 1749 1406 1930 1464; x_wconf 81' lang='grc' dir='ltr'>τοῦτο</span> 
     </span>
     <span class='ocr_line' id='line_1_17' title="bbox 313 1489 1928 1570; baseline 0.002 -22"><span class='ocrx_word' id='word_1_120' title='bbox 313 1489 693 1566; x_wconf 71' lang='grc' dir='ltr'>ιῖποστρέφειν</span> <span class='ocrx_word' id='word_1_121' title='bbox 741 1496 797 1553; x_wconf 89' lang='grc' dir='ltr'>ἐς</span> <span class='ocrx_word' id='word_1_122' title='bbox 837 1489 943 1568; x_wconf 79' lang='grc' dir='ltr'>τήν</span> <span class='ocrx_word' id='word_1_123' title='bbox 996 1491 1298 1567; x_wconf 89' lang='grc' dir='ltr'>σφετέρην,</span> <span class='ocrx_word' id='word_1_124' title='bbox 1340 1490 1433 1549; x_wconf 86' lang='grc' dir='ltr'>καὶ</span> <span class='ocrx_word' id='word_1_125' title='bbox 1487 1491 1809 1570; x_wconf 81' lang='grc' dir='ltr'>ἐπιχειρέειν</span> <span class='ocrx_word' id='word_1_126' title='bbox 1846 1490 1928 1568; x_wconf 86' lang='grc' dir='ltr'>ἢν</span> 
     </span>
     <span class='ocr_line' id='line_1_18' title="bbox 220 1576 1930 1658; baseline 0.002 -22"><span class='ocrx_word' id='word_1_127' title='bbox 220 1580 329 1636; x_wconf 85' lang='grc'>121</span> <span class='ocrx_word' id='word_1_128' title='bbox 351 1576 419 1653; x_wconf 91' lang='grc' dir='ltr'>δη</span> <span class='ocrx_word' id='word_1_129' title='bbox 459 1578 930 1655; x_wconf 88' lang='grc' dir='ltr'>βουλευομένοισι</span> <span class='ocrx_word' id='word_1_130' title='bbox 968 1578 1152 1658; x_wconf 84' lang='grc' dir='ltr'>δοκέῃ.</span> <span class='ocrx_word' id='word_1_131' title='bbox 1219 1582 1410 1638; x_wconf 82' lang='grc' dir='ltr'>Ταῦτα</span> <span class='ocrx_word' id='word_1_132' title='bbox 1450 1581 1504 1639; x_wconf 81' lang='grc' dir='ltr'>οἳ</span> <span class='ocrx_word' id='word_1_133' title='bbox 1543 1578 1754 1644; x_wconf 79' lang='grc' dir='ltr'>Σκύθαι</span> <span class='ocrx_word' id='word_1_134' title='bbox 1778 1582 1930 1657; x_wconf 85' lang='grc' dir='ltr'>βου-</span> 
     </span>
     <span class='ocr_line' id='line_1_19' title="bbox 312 1665 1929 1745; baseline 0.003 -22"><span class='ocrx_word' id='word_1_135' title='bbox 312 1665 651 1743; x_wconf 83' lang='grc' dir='ltr'>λευσάμενοι</span> <span class='ocrx_word' id='word_1_136' title='bbox 682 1665 1019 1743; x_wconf 80' lang='grc' dir='ltr'>ὖπηντίαζον</span> <span class='ocrx_word' id='word_1_137' title='bbox 1048 1667 1154 1744; x_wconf 80' lang='grc' dir='ltr'>τὴν</span> <span class='ocrx_word' id='word_1_138' title='bbox 1187 1670 1429 1744; x_wconf 87' lang='grc' dir='ltr'>Δαρείου</span> <span class='ocrx_word' id='word_1_139' title='bbox 1469 1693 1754 1745; x_wconf 89' lang='grc' dir='ltr'>στρατιην,</span> <span class='ocrx_word' id='word_1_140' title='bbox 1781 1693 1929 1745; x_wconf 85' lang='grc' dir='ltr'>προ-</span> 
     </span>
     <span class='ocr_line' id='line_1_20' title="bbox 313 1752 1924 1833; baseline 0.003 -20"><span class='ocrx_word' id='word_1_141' title='bbox 313 1752 552 1831; x_wconf 84' lang='grc' dir='ltr'>δρόμους</span> <span class='ocrx_word' id='word_1_142' title='bbox 592 1755 1031 1818; x_wconf 78' lang='grc' dir='ltr'>ἀποστείλαντες</span> <span class='ocrx_word' id='word_1_143' title='bbox 1069 1759 1180 1817; x_wconf 77' lang='grc' dir='ltr'>τῶν</span> <span class='ocrx_word' id='word_1_144' title='bbox 1221 1756 1431 1817; x_wconf 83' lang='grc' dir='ltr'>ἱππέων</span> <span class='ocrx_word' id='word_1_145' title='bbox 1462 1782 1594 1819; x_wconf 91' lang='grc' dir='ltr'>τους</span> <span class='ocrx_word' id='word_1_146' title='bbox 1632 1754 1924 1833; x_wconf 79' lang='grc' dir='ltr'>ἀρίστους.</span> 
     </span>
     <span class='ocr_line' id='line_1_21' title="bbox 310 1841 1929 1922; baseline 0.001 -19"><span class='ocrx_word' id='word_1_147' title='bbox 310 1841 412 1906; x_wconf 76' lang='grc' dir='ltr'>τοὶς</span> <span class='ocrx_word' id='word_1_148' title='bbox 438 1844 498 1903; x_wconf 81' lang='grc' dir='ltr'>δὲ</span> <span class='ocrx_word' id='word_1_149' title='bbox 523 1843 741 1921; x_wconf 81' lang='grc' dir='ltr'>αμάξας</span> <span class='ocrx_word' id='word_1_150' title='bbox 769 1849 828 1903; x_wconf 89' lang='grc' dir='ltr'>ἐν</span> <span class='ocrx_word' id='word_1_151' title='bbox 851 1843 995 1922; x_wconf 81' lang='grc' dir='ltr'>τῇσί</span> <span class='ocrx_word' id='word_1_152' title='bbox 1025 1849 1140 1920; x_wconf 92' lang='grc' dir='ltr'>σφι</span> <span class='ocrx_word' id='word_1_153' title='bbox 1172 1844 1422 1904; x_wconf 79' lang='grc' dir='ltr'>διαιτᾶτο</span> <span class='ocrx_word' id='word_1_154' title='bbox 1445 1843 1519 1904; x_wconf 82' lang='grc' dir='ltr'>τοὶ</span> <span class='ocrx_word' id='word_1_155' title='bbox 1542 1844 1708 1905; x_wconf 89' lang='grc' dir='ltr'>τέκνα</span> <span class='ocrx_word' id='word_1_156' title='bbox 1732 1870 1811 1904; x_wconf 90' lang='grc' dir='ltr'>τε</span> <span class='ocrx_word' id='word_1_157' title='bbox 1822 1846 1929 1905; x_wconf 84' lang='grc' dir='ltr'>καὶ</span> 
     </span>
     <span class='ocr_line' id='line_1_22' title="bbox 313 1931 1928 2011; baseline 0.002 -22"><span class='ocrx_word' id='word_1_158' title='bbox 313 1933 371 1989; x_wconf 79' lang='grc' dir='ltr'>αἱ</span> <span class='ocrx_word' id='word_1_159' title='bbox 402 1934 656 2011; x_wconf 81' lang='grc' dir='ltr'>γυναῖκες</span> <span class='ocrx_word' id='word_1_160' title='bbox 689 1935 892 2002; x_wconf 78' lang='grc' dir='ltr'>πᾶσαι,</span> <span class='ocrx_word' id='word_1_161' title='bbox 921 1932 1015 1991; x_wconf 87' lang='grc' dir='ltr'>καὶ</span> <span class='ocrx_word' id='word_1_162' title='bbox 1048 1931 1122 1992; x_wconf 72' lang='grc' dir='ltr'>τὰ</span> <span class='ocrx_word' id='word_1_163' title='bbox 1155 1931 1440 2009; x_wconf 85' lang='grc' dir='ltr'>πρόβατα,</span> <span class='ocrx_word' id='word_1_164' title='bbox 1467 1932 1621 2008; x_wconf 77' lang='grc' dir='ltr'>πλὴν</span> <span class='ocrx_word' id='word_1_165' title='bbox 1658 1932 1770 1992; x_wconf 81' lang='grc' dir='ltr'>ὅσα</span> <span class='ocrx_word' id='word_1_166' title='bbox 1801 1941 1928 2009; x_wconf 88' lang='grc' dir='ltr'>σφι</span> 
     </span>
     <span class='ocr_line' id='line_1_23' title="bbox 314 2018 1929 2098; baseline 0.003 -22"><span class='ocrx_word' id='word_1_167' title='bbox 314 2022 368 2081; x_wconf 88' lang='grc' dir='ltr'>ἐς</span> <span class='ocrx_word' id='word_1_168' title='bbox 395 2018 630 2095; x_wconf 74' lang='grc' dir='ltr'>φορβὴν</span> <span class='ocrx_word' id='word_1_169' title='bbox 655 2019 816 2080; x_wconf 79' lang='grc' dir='ltr'>ἶκανοὶ</span> <span class='ocrx_word' id='word_1_170' title='bbox 840 2018 911 2097; x_wconf 87' lang='grc' dir='ltr'>ἦν</span> <span class='ocrx_word' id='word_1_171' title='bbox 934 2024 1192 2080; x_wconf 82' lang='grc' dir='ltr'>τοσαῦτα</span> <span class='ocrx_word' id='word_1_172' title='bbox 1214 2019 1638 2098; x_wconf 70' lang='grc' dir='ltr'>ὑπολιπόμενοι,</span> <span class='ocrx_word' id='word_1_173' title='bbox 1662 2020 1734 2080; x_wconf 83' lang='grc' dir='ltr'>τοὶ</span> <span class='ocrx_word' id='word_1_174' title='bbox 1758 2020 1929 2081; x_wconf 76' lang='grc' dir='ltr'>ἄλλα</span> 
     </span>
     <span class='ocr_line' id='line_1_24' title="bbox 312 2105 1927 2188; baseline 0.004 -22"><span class='ocrx_word' id='word_1_175' title='bbox 312 2105 429 2184; x_wconf 78' lang='grc' dir='ltr'>ἅμα</span> <span class='ocrx_word' id='word_1_176' title='bbox 456 2111 594 2186; x_wconf 76' lang='grc' dir='ltr'>τῇσι</span> <span class='ocrx_word' id='word_1_177' title='bbox 629 2107 884 2188; x_wconf 70' lang='grc' dir='ltr'>ἀμάξῃσι</span> <span class='ocrx_word' id='word_1_178' title='bbox 912 2108 1284 2188; x_wconf 84' lang='grc' dir='ltr'>προέπεμψαν</span> <span class='ocrx_word' id='word_1_179' title='bbox 1319 2106 1693 2185; x_wconf 87' lang='grc' dir='ltr'>ἐντειλαμενοι</span> <span class='ocrx_word' id='word_1_180' title='bbox 1716 2109 1824 2168; x_wconf 81' lang='grc' dir='ltr'>αἰεὶ</span> <span class='ocrx_word' id='word_1_181' title='bbox 1846 2111 1927 2171; x_wconf 78' lang='grc' dir='ltr'>τὸ</span> 
     </span>
     <span class='ocr_line' id='line_1_25' title="bbox 312 2196 1876 2275; baseline 0.002 -21"><span class='ocrx_word' id='word_1_182' title='bbox 312 2222 455 2274; x_wconf 91' lang='grc' dir='ltr'>προς</span> <span class='ocrx_word' id='word_1_183' title='bbox 478 2198 666 2275; x_wconf 91' lang='grc' dir='ltr'>βορέω</span> <span class='ocrx_word' id='word_1_184' title='bbox 693 2196 960 2258; x_wconf 79' lang='grc' dir='ltr'>ἐλαύνειν.</span> <span class='ocrx_word' id='word_1_185' title='bbox 1025 2201 1205 2258; x_wconf 81' lang='grc' dir='ltr'>ταῦτα</span> <span class='ocrx_word' id='word_1_186' title='bbox 1228 2199 1333 2275; x_wconf 80' lang='grc' dir='ltr'>μὲν</span> <span class='ocrx_word' id='word_1_187' title='bbox 1359 2196 1428 2273; x_wconf 86' lang='grc' dir='ltr'>δη</span> <span class='ocrx_word' id='word_1_188' title='bbox 1456 2197 1876 2274; x_wconf 84' lang='grc' dir='ltr'>προεκομίζετο.</span> 
     </span>
     <span class='ocr_line' id='line_1_26' title="bbox 220 2282 1928 2362; baseline 0.002 -21"><span class='ocrx_word' id='word_1_189' title='bbox 220 2287 372 2342; x_wconf 83' lang='grc'>122</span> <span class='ocrx_word' id='word_1_190' title='bbox 416 2289 538 2345; x_wconf 86' lang='lat' dir='ltr'>T6v</span> <span class='ocrx_word' id='word_1_191' title='bbox 580 2285 640 2346; x_wconf 79' lang='grc' dir='ltr'>δὲ</span> <span class='ocrx_word' id='word_1_192' title='bbox 694 2286 948 2350; x_wconf 83' lang='grc' dir='ltr'>Σκυθέων</span> <span class='ocrx_word' id='word_1_193' title='bbox 989 2287 1044 2344; x_wconf 79' lang='grc' dir='ltr'>οἳ</span> <span class='ocrx_word' id='word_1_194' title='bbox 1085 2283 1400 2362; x_wconf 85' lang='grc' dir='ltr'>πρόδρομοι</span> <span class='ocrx_word' id='word_1_195' title='bbox 1452 2311 1524 2348; x_wconf 91' lang='grc' dir='ltr'>ως</span> <span class='ocrx_word' id='word_1_196' title='bbox 1576 2282 1736 2360; x_wconf 75' lang='grc' dir='ltr'>εὗρον</span> <span class='ocrx_word' id='word_1_197' title='bbox 1787 2311 1928 2351; x_wconf 88' lang='grc' dir='ltr'>τους</span> 
     </span>
     <span class='ocr_line' id='line_1_27' title="bbox 315 2370 1969 2452; baseline 0.002 -22"><span class='ocrx_word' id='word_1_198' title='bbox 315 2374 545 2450; x_wconf 87' lang='grc' dir='ltr'>Πέρσας</span> <span class='ocrx_word' id='word_1_199' title='bbox 585 2373 726 2433; x_wconf 84' lang='grc' dir='ltr'>ὅσον</span> <span class='ocrx_word' id='word_1_200' title='bbox 749 2400 812 2433; x_wconf 89' lang='grc' dir='ltr'>τε</span> <span class='ocrx_word' id='word_1_201' title='bbox 836 2375 1003 2450; x_wconf 85' lang='grc' dir='ltr'>τριῶν</span> <span class='ocrx_word' id='word_1_202' title='bbox 1033 2370 1281 2450; x_wconf 80' lang='grc' dir='ltr'>ἦμερέων</span> <span class='ocrx_word' id='word_1_203' title='bbox 1306 2370 1499 2432; x_wconf 82' lang='grc' dir='ltr'>ὁδὸν’</span> <span class='ocrx_word' id='word_1_204' title='bbox 1464 2372 1775 2452; x_wconf 87' lang='grc' dir='ltr'>απέχοντας</span> <span class='ocrx_word' id='word_1_205' title='bbox 1801 2372 1925 2435; x_wconf 73' lang='grc' dir='ltr'>ἄπο</span> <span class='ocrx_word' id='word_1_206' title='bbox 1956 2420 1969 2433; x_wconf 71' lang='grc'><em>,</em></span> 
     </span>
     <span class='ocr_line' id='line_1_28' title="bbox 310 2459 1941 2542; baseline 0.003 -22"><span class='ocrx_word' id='word_1_207' title='bbox 310 2466 411 2520; x_wconf 86' lang='grc' dir='ltr'>τοῦ</span> <span class='ocrx_word' id='word_1_208' title='bbox 426 2461 673 2539; x_wconf 85' lang='grc' dir='ltr'>Ἴστρου,</span> <span class='ocrx_word' id='word_1_209' title='bbox 704 2459 858 2522; x_wconf 83' lang='grc' dir='ltr'>οὗτοι</span> <span class='ocrx_word' id='word_1_210' title='bbox 882 2462 987 2538; x_wconf 84' lang='grc' dir='ltr'>μὲν</span> <span class='ocrx_word' id='word_1_211' title='bbox 1010 2460 1241 2523; x_wconf 85' lang='grc' dir='ltr'>τούτους</span> <span class='ocrx_word' id='word_1_212' title='bbox 1279 2459 1546 2537; x_wconf 78' lang='grc' dir='ltr'>εὖρόντες,</span> <span class='ocrx_word' id='word_1_213' title='bbox 1572 2460 1782 2538; x_wconf 79' lang='grc' dir='ltr'>ἡμέρης</span> <span class='ocrx_word' id='word_1_214' title='bbox 1807 2459 1941 2542; x_wconf 69' lang='grc' dir='ltr'>ὄὸᾥ</span> 
     </span>
     <span class='ocr_line' id='line_1_29' title="bbox 310 2547 1925 2629; baseline 0.002 -23"><span class='ocrx_word' id='word_1_215' title='bbox 310 2550 645 2629; x_wconf 88' lang='grc' dir='ltr'>προέχοντες</span> <span class='ocrx_word' id='word_1_216' title='bbox 664 2547 1218 2628; x_wconf 83' lang='grc' dir='ltr'>ἐστρατοπεδεύοντο,</span> <span class='ocrx_word' id='word_1_217' title='bbox 1233 2547 1306 2608; x_wconf 81' lang='grc' dir='ltr'>τοὶ</span> <span class='ocrx_word' id='word_1_218' title='bbox 1331 2552 1393 2606; x_wconf 86' lang='grc' dir='ltr'>ἐκ</span> <span class='ocrx_word' id='word_1_219' title='bbox 1418 2551 1520 2624; x_wconf 83' lang='grc' dir='ltr'>τῆς</span> <span class='ocrx_word' id='word_1_220' title='bbox 1537 2551 1643 2629; x_wconf 82' lang='grc' dir='ltr'>’γῆς</span> <span class='ocrx_word' id='word_1_221' title='bbox 1662 2548 1925 2626; x_wconf 83' lang='grc' dir='ltr'>φυόμενα</span> 
     </span>
     <span class='ocr_line' id='line_1_30' title="bbox 311 2634 1923 2714; baseline 0.002 -20"><span class='ocrx_word' id='word_1_222' title='bbox 311 2638 642 2700; x_wconf 84' lang='grc' dir='ltr'>λεαίνοντες.</span> <span class='ocrx_word' id='word_1_223' title='bbox 721 2641 775 2696; x_wconf 80' lang='grc' dir='ltr'>οἱ</span> <span class='ocrx_word' id='word_1_224' title='bbox 800 2638 861 2696; x_wconf 85' lang='grc' dir='ltr'>δὲ</span> <span class='ocrx_word' id='word_1_225' title='bbox 887 2637 1112 2714; x_wconf 88' lang='grc' dir='ltr'>Πέρσαι</span> <span class='ocrx_word' id='word_1_226' title='bbox 1138 2634 1211 2699; x_wconf 79' lang='grc' dir='ltr'>ὦς</span> <span class='ocrx_word' id='word_1_227' title='bbox 1238 2635 1385 2696; x_wconf 84' lang='grc' dir='ltr'>εἶδον</span> <span class='ocrx_word' id='word_1_228' title='bbox 1410 2639 1783 2711; x_wconf 84' lang='grc' dir='ltr'>ἐπιφανεῖσαν</span> <span class='ocrx_word' id='word_1_229' title='bbox 1806 2641 1923 2698; x_wconf 78' lang='grc' dir='ltr'>τῶν</span> 
     </span>
     <span class='ocr_line' id='line_1_31' title="bbox 316 2723 1922 2799; baseline -0.002 -12"><span class='ocrx_word' id='word_1_230' title='bbox 316 2724 569 2787; x_wconf 80' lang='grc' dir='ltr'>Σκυθέων</span> <span class='ocrx_word' id='word_1_231' title='bbox 598 2724 704 2799; x_wconf 78' lang='grc' dir='ltr'>τήν</span> <span class='ocrx_word' id='word_1_232' title='bbox 735 2725 924 2795; x_wconf 80' lang='grc' dir='ltr'>ἵππον,</span> <span class='ocrx_word' id='word_1_233' title='bbox 957 2723 1199 2799; x_wconf 84' lang='grc' dir='ltr'>ἐπήϊσαν</span> <span class='ocrx_word' id='word_1_234' title='bbox 1224 2723 1364 2783; x_wconf 77' lang='grc' dir='ltr'>κατὰ</span> <span class='ocrx_word' id='word_1_235' title='bbox 1402 2724 1613 2799; x_wconf 87' lang='grc' dir='ltr'>στίβον</span> <span class='ocrx_word' id='word_1_236' title='bbox 1639 2724 1747 2784; x_wconf 77' lang='grc' dir='ltr'>αἰεὶ</span> <span class='ocrx_word' id='word_1_237' title='bbox 1776 2723 1922 2784; x_wconf 77' lang='grc' dir='ltr'>’ὕπα-</span> 
     </span>
     <span class='ocr_line' id='line_1_32' title="bbox 311 2809 1922 2892; baseline 0.001 -22"><span class='ocrx_word' id='word_1_238' title='bbox 311 2809 541 2891; x_wconf 78' lang='grc' dir='ltr'>γόντων·</span> <span class='ocrx_word' id='word_1_239' title='bbox 583 2811 676 2869; x_wconf 84' lang='grc' dir='ltr'>καὶ</span> <span class='ocrx_word' id='word_1_240' title='bbox 712 2812 916 2882; x_wconf 83' lang='grc' dir='ltr'>ἔπειτα,</span> <span class='ocrx_word' id='word_1_241' title='bbox 943 2810 1087 2889; x_wconf 76' lang='grc' dir='ltr'>πρὸς</span> <span class='ocrx_word' id='word_1_242' title='bbox 1120 2812 1232 2892; x_wconf 72' lang='grc' dir='ltr'>γοῖρ</span> <span class='ocrx_word' id='word_1_243' title='bbox 1257 2810 1360 2888; x_wconf 80' lang='grc' dir='ltr'>τὴν</span> <span class='ocrx_word' id='word_1_244' title='bbox 1385 2812 1522 2889; x_wconf 87' lang='grc' dir='ltr'>μίαν</span> <span class='ocrx_word' id='word_1_245' title='bbox 1546 2814 1658 2872; x_wconf 84' lang='grc' dir='ltr'>τῶν</span> <span class='ocrx_word' id='word_1_246' title='bbox 1679 2813 1922 2889; x_wconf 88' lang='grc' dir='ltr'>μοιρέων</span> 
     </span>
     <span class='ocr_line' id='line_1_33' title="bbox 311 2898 1920 2976; baseline 0.001 -20"><span class='ocrx_word' id='word_1_247' title='bbox 311 2898 529 2966; x_wconf 80' lang='grc' dir='ltr'>ἴθυσαν,</span> <span class='ocrx_word' id='word_1_248' title='bbox 563 2900 619 2956; x_wconf 83' lang='grc' dir='ltr'>οἱ</span> <span class='ocrx_word' id='word_1_249' title='bbox 658 2898 883 2973; x_wconf 89' lang='grc' dir='ltr'>Πέρσαι</span> <span class='ocrx_word' id='word_1_250' title='bbox 920 2899 1143 2959; x_wconf 86' lang='grc' dir='ltr'>ἐδίωκον</span> <span class='ocrx_word' id='word_1_251' title='bbox 1177 2898 1320 2976; x_wconf 80' lang='grc' dir='ltr'>πρός</span> <span class='ocrx_word' id='word_1_252' title='bbox 1349 2898 1432 2974; x_wconf 78' lang='grc' dir='ltr'>ἠῶ</span> <span class='ocrx_word' id='word_1_253' title='bbox 1460 2925 1525 2959; x_wconf 89' lang='grc' dir='ltr'>τε</span> <span class='ocrx_word' id='word_1_254' title='bbox 1561 2900 1655 2959; x_wconf 86' lang='grc' dir='ltr'>καὶ</span> <span class='ocrx_word' id='word_1_255' title='bbox 1679 2903 1780 2960; x_wconf 82' lang='grc' dir='ltr'>τοῦ</span> <span class='ocrx_word' id='word_1_256' title='bbox 1806 2905 1920 2958; x_wconf 82' lang='lat' dir='ltr'>&#39;ra-</span> 
     </span>
     <span class='ocr_line' id='line_1_34' title="bbox 312 2981 1919 3063; baseline 0.004 -22"><span class='ocrx_word' id='word_1_257' title='bbox 312 2981 511 3044; x_wconf 83' lang='grc' dir='ltr'>νάϊδος·</span> <span class='ocrx_word' id='word_1_258' title='bbox 554 2982 952 3057; x_wconf 75' lang='grc' dir='ltr'>διαβάντωνδὲ</span> <span class='ocrx_word' id='word_1_259' title='bbox 976 2985 1186 3044; x_wconf 85' lang='grc' dir='ltr'>τούτων</span> <span class='ocrx_word' id='word_1_260' title='bbox 1209 2985 1310 3045; x_wconf 75' lang='grc' dir='ltr'>τὸν</span> <span class='ocrx_word' id='word_1_261' title='bbox 1335 2985 1541 3047; x_wconf 76' lang='grc' dir='ltr'>Τάναϊν</span> <span class='ocrx_word' id='word_1_262' title='bbox 1563 2985 1839 3063; x_wconf 70' lang='grc' dir='ltr'>ποταμὸν,</span> <span class='ocrx_word' id='word_1_263' title='bbox 1862 2991 1919 3048; x_wconf 76' lang='grc' dir='ltr'>οἱ</span> 
     </span>
     <span class='ocr_line' id='line_1_35' title="bbox 314 3066 1919 3150; baseline 0.008 -29"><span class='ocrx_word' id='word_1_264' title='bbox 314 3066 538 3139; x_wconf 89' lang='grc' dir='ltr'>Πέρσαι</span> <span class='ocrx_word' id='word_1_265' title='bbox 578 3069 963 3143; x_wconf 80' lang='grc' dir='ltr'>ἐπιδιαβάντες</span> <span class='ocrx_word' id='word_1_266' title='bbox 1002 3070 1244 3131; x_wconf 86' lang='grc' dir='ltr'>ἐδίωκον·</span> <span class='ocrx_word' id='word_1_267' title='bbox 1286 3076 1342 3134; x_wconf 87' lang='grc' dir='ltr'>ἐς</span> <span class='ocrx_word' id='word_1_268' title='bbox 1369 3072 1436 3132; x_wconf 72' lang='grc' dir='ltr'>τὰ</span> <span class='ocrx_word' id='word_1_269' title='bbox 1473 3078 1585 3133; x_wconf 78' lang='grc' dir='ltr'>τῶν</span> <span class='ocrx_word' id='word_1_270' title='bbox 1619 3075 1919 3150; x_wconf 79' lang='grc' dir='ltr'>Σαυρομα-</span> 
     </span>
     <span class='ocr_line' id='line_1_36' title="bbox 311 3150 1919 3234; baseline 0.01 -29"><span class='ocrx_word' id='word_1_271' title='bbox 311 3150 450 3207; x_wconf 88' lang='grc' dir='ltr'>τέων</span> <span class='ocrx_word' id='word_1_272' title='bbox 486 3150 591 3226; x_wconf 82' lang='grc' dir='ltr'>τήν</span> <span class='ocrx_word' id='word_1_273' title='bbox 625 3153 812 3231; x_wconf 80' lang='grc' dir='ltr'>χώρην</span> <span class='ocrx_word' id='word_1_274' title='bbox 851 3155 1223 3223; x_wconf 80' lang='grc' dir='ltr'>διεξελθόντες</span> <span class='ocrx_word' id='word_1_275' title='bbox 1263 3157 1530 3219; x_wconf 87' lang='grc' dir='ltr'>α’πίκοντο</span> <span class='ocrx_word' id='word_1_276' title='bbox 1569 3165 1625 3223; x_wconf 91' lang='grc' dir='ltr'>ἐς</span> <span class='ocrx_word' id='word_1_277' title='bbox 1662 3159 1767 3234; x_wconf 76' lang='grc' dir='ltr'>τὴν</span> <span class='ocrx_word' id='word_1_278' title='bbox 1805 3165 1919 3221; x_wconf 74' lang='grc' dir='ltr'>τῶν</span> 
     </span>
     <span class='ocr_line' id='line_1_37' title="bbox 219 3235 1920 3324; baseline 0.01 -33"><span class='ocrx_word' id='word_1_279' title='bbox 219 3235 333 3292; x_wconf 82' lang='lat'>123</span> <span class='ocrx_word' id='word_1_280' title='bbox 353 3235 647 3297; x_wconf 87' lang='grc' dir='ltr'>Βουδίνων.</span> <span class='ocrx_word' id='word_1_281' title='bbox 704 3238 891 3298; x_wconf 88' lang='grc' dir='ltr'>Ὅσον</span> <span class='ocrx_word' id='word_1_282' title='bbox 928 3242 1032 3317; x_wconf 77' lang='grc' dir='ltr'>μὲν</span> <span class='ocrx_word' id='word_1_283' title='bbox 1065 3241 1137 3316; x_wconf 74' lang='grc' dir='ltr'>δὴ</span> <span class='ocrx_word' id='word_1_284' title='bbox 1171 3244 1376 3321; x_wconf 89' lang='grc' dir='ltr'>χρόνον</span> <span class='ocrx_word' id='word_1_285' title='bbox 1402 3248 1457 3305; x_wconf 78' lang='grc' dir='ltr'>οἱ</span> <span class='ocrx_word' id='word_1_286' title='bbox 1488 3247 1714 3324; x_wconf 86' lang='grc' dir='ltr'>Πέρσαι</span> <span class='ocrx_word' id='word_1_287' title='bbox 1742 3247 1920 3322; x_wconf 80' lang='grc' dir='ltr'>ἤϊσαν</span> 
     </span>
    </p>
   </div>
   <div class='ocr_carea' id='block_1_2' title="bbox 2148 2586 2153 3117">
    <p class='ocr_par' dir='ltr' id='par_1_2' title="bbox 2148 2586 2153 3117">
     <span class='ocr_line' id='line_1_38' title="bbox 2148 2586 2153 3117; baseline 0 0"><span class='ocrx_word' id='word_1_288' title='bbox 2148 2586 2153 3117; x_wconf 95' lang='lat' dir='ltr'> </span> 
     </span>
    </p>
   </div>
   <div class='ocr_carea' id='block_1_3' title="bbox 2149 2586 2153 3117">
    <p class='ocr_par' dir='ltr' id='par_1_3' title="bbox 2149 2586 2153 3117">
     <span class='ocr_line' id='line_1_39' title="bbox 2149 2586 2153 3117; baseline 0 0"><span class='ocrx_word' id='word_1_289' title='bbox 2149 2586 2153 3117; x_wconf 95' lang='lat' dir='ltr'> </span> 
     </span>
    </p>
   </div>
   <div class='ocr_carea' id='block_1_4' title="bbox 2149 2586 2154 3117">
    <p class='ocr_par' dir='ltr' id='par_1_4' title="bbox 2149 2586 2154 3117">
     <span class='ocr_line' id='line_1_40' title="bbox 2149 2586 2154 3117; baseline 0 0"><span class='ocrx_word' id='word_1_290' title='bbox 2149 2586 2154 3117; x_wconf 95' lang='lat' dir='ltr'> </span> 
     </span>
    </p>
   </div>
   <div class='ocr_carea' id='block_1_5' title="bbox 2150 2586 2154 3117">
    <p class='ocr_par' dir='ltr' id='par_1_5' title="bbox 2150 2586 2154 3117">
     <span class='ocr_line' id='line_1_41' title="bbox 2150 2586 2154 3117; baseline 0 0"><span class='ocrx_word' id='word_1_291' title='bbox 2150 2586 2154 3117; x_wconf 95' lang='lat' dir='ltr'> </span> 
     </span>
    </p>
   </div>
   <div class='ocr_carea' id='block_1_6' title="bbox 2150 2586 2154 3117">
    <p class='ocr_par' dir='ltr' id='par_1_6' title="bbox 2150 2586 2154 3117">
     <span class='ocr_line' id='line_1_42' title="bbox 2150 2586 2154 3117; baseline 0 0"><span class='ocrx_word' id='word_1_292' title='bbox 2150 2586 2154 3117; x_wconf 95' lang='lat' dir='ltr'> </span> 
     </span>
    </p>
   </div>
   <div class='ocr_carea' id='block_1_7' title="bbox 2143 2586 2158 3471">
    <p class='ocr_par' dir='ltr' id='par_1_7' title="bbox 2143 2586 2158 3471">
     <span class='ocr_line' id='line_1_43' title="bbox 2143 2586 2158 3471; baseline 0 0"><span class='ocrx_word' id='word_1_293' title='bbox 2143 2586 2158 3471; x_wconf 95' lang='lat' dir='ltr'> </span> 
     </span>
    </p>
   </div>
  </div>
 </body>
</html>
