2184 3517
629 21 658 59 Ι

214 115 507 179 131—134]
893 116 1162 167 eAAmA.
1733 120 1831 168 265

205 221 422 277 γιστον
441 196 559 276 εἶχε
587 196 680 256 καὶ
706 195 1085 273 ὁμοτράπεζος
1104 197 1346 273 βασιλέϊ
1371 197 1638 278 ἐγεγόνεε·
1679 195 1834 273 πλήν

206 309 270 344 τε
306 284 436 348 ἑνός
468 288 570 345 τοῦ
605 289 661 347 ἐς
687 284 976 359 Ἕλληνας
1012 283 1249 355 άπιέναι,
1291 283 1474 345 πάντα
1498 283 1573 346 τοὶ
1597 282 1751 343 ἄλλα
1777 287 1831 344 οἳ

205 377 425 450 παρῆν.
507 373 601 432 καὶ
640 375 806 431 τοῦτο
837 374 943 448 μὲν
979 371 1112 435 τοῦς
1147 372 1487 452 Αἰγυπτίους
1518 370 1741 449 ἷητροῦς
1776 372 1831 431 οἳ

205 461 474 536 βασιλέα
514 460 789 537 πρότερον
833 462 1008 529 ἰῶντο,
1051 460 1369 535 μέλλοντας
1402 459 1829 520 ἀνασκολοπιεῖ-

141 602 148 607 .
207 549 353 608 σθαι
384 547 529 608 διότι
555 546 666 608 ύπὸ
686 546 974 622 Ἕλληνος
1000 548 1191 624 ἰητροῦ
1220 546 1576 623 ἑσσώθησαν,
1602 546 1832 611 τούτους

207 634 476 709 βασιλέα
495 633 989 711 παραιτησάμενος
1014 633 1310 711 ἐρρύσατο·
1349 639 1519 695 τοῦτο
1546 635 1605 693 δὲ
1629 632 1831 710 μάντιν

206 713 453 782 Ἠλεῖον
482 720 837 800 Πολυκράτεϊ
864 721 1261 798 ἐπισπόμενον,
1285 721 1829 799 καὶοῖπημελημένον

207 813 270 869 ἐν
309 813 473 870 τοῖσι
514 809 933 886 ἀνδραπόδοισι,
975 808 1269 886 ἐρρύσατο.
1335 808 1407 886 ἦν
1452 809 1511 869 δὲ
1557 810 1830 891 μέγιστον

206 900 457 974 πρῆγμα
491 896 827 973 Δημοκήδης
866 896 1021 974 παρὰ
1053 896 1317 972 βασιλέϊ.

289 984 398 1045 Ἐν
422 986 607 1064 χρόνῳ
633 984 694 1044 δὲ
720 983 896 1065 ὀλίγῳ
926 982 1067 1061 μετσῖ
1095 988 1290 1054 ταῦτα,
1317 984 1450 1045 τάδε
1475 983 1631 1045 ἄλλα
1656 1011 1784 1045 συν·
1806 987 1922 1046 133

206 1071 401 1148 η’νεικε
442 1072 726 1155 γενέσθαι.
793 1070 1053 1151 Ἀτόσσῃ
1095 1076 1170 1150 τῇ
1211 1071 1405 1150 Κύρου
1446 1075 1550 1149 μὲν
1594 1072 1830 1154 θυγατρὶ

207 1162 464 1238 Δαρείου
490 1160 551 1220 δὲ
573 1159 794 1242 γυναικὶ
821 1161 913 1219 ἐπὶ
942 1164 1047 1220 τοῦ
1070 1163 1297 1236 μαστοῦ
1325 1161 1433 1235 ἔφυ
1461 1163 1642 1236 φῦμα·
1683 1159 1828 1236 μετὰ

209 1247 287 1318 δὲ,
319 1251 558 1330 ἐκραγὲν
586 1248 809 1324 ἐνέμετο
840 1247 1058 1326 πρόσω.
1126 1246 1268 1308 ὅσον
1292 1250 1398 1324 μὲν
1422 1246 1492 1323 δὴ
1518 1246 1724 1326 χρόνον
1751 1246 1823 1324 ἦν

209 1336 492 1407 ἔλασσον,
524 1335 564 1412 ἦ
596 1332 657 1395 δὲ
696 1334 1023 1413 κρύπτουσα
1063 1335 1157 1394 καὶ
1197 1334 1577 1414 αἰσχυνομένη
1618 1335 1827 1412 ἔφραζε

210 1422 415 1484 οὐδενί·
460 1424 584 1483 ἐπεί
611 1448 673 1483 τε
698 1423 759 1482 δὲ
786 1429 846 1483 ἐν
870 1427 1017 1502 κακῷ
1042 1421 1131 1499 ἦν,
1155 1423 1554 1501 μετεπέμψατο
1579 1421 1678 1483 τόν
1707 1430 1820 1500 Δη-

207 1511 485 1588 μοκήδεα
511 1511 609 1571 καί
645 1514 699 1570 οἳ
740 1511 978 1580 ἐπέδεξε·
1026 1510 1061 1570 ὁ
1102 1509 1163 1569 δὲ
1204 1509 1320 1587 φάς
1351 1510 1511 1593 ὖγιέα
1545 1509 1823 1586 ποιήσειν,

211 1599 442 1676 ἐξορκοῖ
476 1625 575 1678 μιν
604 1597 642 1674 ἦ
675 1599 791 1675 μήν
822 1601 876 1658 οἶ
908 1596 1388 1679 ἀντυπουργήσειν
1415 1599 1625 1675 ἐκείνην
1655 1602 1824 1659 τοῦτο

208 1685 276 1745 τὰ
304 1685 379 1747 ἂν
405 1685 576 1762 αὐτῆς
601 1687 794 1765 δεηθῇ·
835 1685 1142 1763 δεήσεσθαι
1168 1686 1229 1746 δὲ
1255 1685 1475 1750 ούδενός
1498 1690 1608 1748 τῶν
1628 1685 1739 1746 ὅσα
1767 1692 1824 1750 ἐς

210 1774 490 1853 αἰσχύνην
517 1775 641 1834 ἐστὶ
668 1776 932 1851 φέροντα.
997 1773 1098 1837 Ὡς
1124 1774 1185 1833 δὲ
1209 1772 1319 1852 ἄρα
1336 1801 1435 1852 μιν
1451 1774 1594 1852 μετὰ
1609 1778 1784 1834 ταῦτα
1803 1776 1920 1835 134

211 1862 446 1939 ἰώμενος
482 1863 644 1945 ῦγιέα
684 1862 930 1932 ἀπέδεξε,
968 1862 1206 1923 ἐνθαῦτα
1245 1863 1313 1938 δή
1347 1863 1677 1942 διδαχθεῖσα
1709 1861 1822 1923 ὑπὸ

208 1955 314 2010 τοῦ
357 1950 722 2028 Δημοκήδεος
750 1949 791 2026 ἦ
818 1950 1103 2021 Ἀτοσσ-α,
1129 1952 1453 2029 προσέφερε
1479 1957 1538 2011 ἐν
1562 1955 1635 2029 τῇ
1666 1951 1822 2031 κοίτῃ

212 2040 436 2118 Δαρείῳ
476 2038 654 2119 λόγον
684 2039 919 2099 τοιόνδε·
968 2048 1005 2074 “
1022 2038 1064 2097 ὦ
1101 2039 1370 2115 βασιλεῦ,
1412 2040 1551 2117 ἔχων
1594 2038 1824 2116 δύναμιν

124 2202 130 2210 ,
209 2126 497 2202 τοσαύτην
529 2126 771 2201 κάτησαι
810 2125 937 2185 οὔτε
962 2151 1019 2185 τι
1045 2126 1203 2190 ἔθνος
1234 2126 1666 2205 προσκτώμενος
1692 2125 1821 2187 οὔτε

212 2213 449 2291 δύναμιν
485 2215 787 2293 Πέρσῃσι;
831 2212 980 2277 οἷκός
1010 2213 1074 2273 δέ
1105 2219 1229 2274 ἐστι
1262 2212 1435 2290 ἄνδρα
1464 2213 1555 2272 καὶ
1580 2215 1705 2274 νέον
1730 2214 1822 2274 καὶ

210 2301 517 2380 χρημάτων
548 2302 811 2384 μεγάλων
846 2301 1128 2378 δεσπότην
1160 2302 1470 2378 φαίνεσθαί
1503 2327 1559 2360 τι
1599 2300 1820 2360 οἷποδει·

213 2389 498 2466 κνύμενον,
533 2390 623 2450 ἵνα
660 2389 752 2449 καὶ
783 2390 1009 2467 Πέρσαι
1049 2388 1337 2466 ἐκμάθωσι
1373 2387 1459 2449 ὅτι
1493 2386 1585 2447 ὕπ’
1622 2386 1822 2465 α’νδρὸς

212 2474 507 2556 ἄρχονται.
574 2476 659 2536 ἐπ’
685 2476 981 2554 ἀμφότερα
1008 2477 1071 2537 δέ
1092 2502 1182 2537 τοι
1208 2477 1368 2554 φέρει
1394 2479 1569 2536 ταῦτα
1594 2476 1820 2547 ποιέειν,

214 2566 308 2623 καὶ
341 2566 432 2626 ἵνα
461 2565 655 2641 σφέων
695 2566 920 2642 Πέρσαι
957 2566 1321 2626 ἐπιστέωνται
1353 2564 1526 2643 ἄνδρα
1557 2564 1695 2625 εἶναι
1720 2560 1822 2624 τᾶν

212 2657 589 2730 προεστεῶτα,
608 2654 701 2712 καὶ
729 2654 818 2713 ἵνα
841 2655 1146 2730 τρίβωνται
1172 2655 1403 2734 πολέμῳ
1428 2653 1569 2732 μηδὲ
1595 2652 1823 2733 σχολήν

213 2739 444 2821 ἄγοντες
477 2741 896 2823 ἐπιβουλεύωσί
927 2767 1035 2801 τοι.
1107 2746 1205 2802 νῦν
1234 2742 1345 2824 γοῖρ
1383 2769 1453 2803 αν
1476 2768 1534 2803 τι
1561 2743 1654 2802 καὶ
1679 2767 1818 2801 απο-

212 2827 400 2898 δέξαιο
440 2829 619 2911 ἔργον,
648 2829 745 2893 ἔως
778 2830 899 2892 νέος
935 2828 1014 2892 εἷς
1048 2827 1292 2907 ἡλικίην·
1335 2829 1685 2910 αὐξανομένῳ
1708 2829 1820 2912 γὰρ

211 2916 306 2994 τῷ
329 2916 552 2995 σώματι
592 2917 962 2987 συναύξονται
1002 2917 1095 2975 καὶ
1129 2921 1189 2976 αἱ
1228 2919 1442 2995 φρένες,
1473 2919 1819 2999 γηράσκοντι

215 3004 275 3063 δὲ
300 3004 770 3086 συγγηράσκουσι
796 3004 889 3063 καὶ
914 3008 971 3067 ἐς
994 3003 1066 3062 τοὶ
1090 3030 1397 3086 πρηγματα
1425 3032 1610 3066 παντα
1636 3007 1820 3083 οἷπαμ-

213 3091 575 3168 βλύνονται.”
640 3093 680 3168 ἦ
711 3095 815 3170 μὲν
841 3090 909 3166 δὴ
945 3095 1123 3151 ταῦτα
1149 3096 1210 3150 ἐκ
1236 3093 1462 3171 διδαχῆς
1493 3095 1667 3173 ἔλεγε·
1710 3094 1741 3154 ὁ
1770 3092 1817 3152 δ’

214 3177 516 3257 ἀμείβεται
545 3181 758 3241 τοῖσδε·
801 3189 837 3216 “
854 3177 897 3236 ὦ
931 3176 1110 3259 γύναι,
1143 3179 1329 3239 πάντα
1363 3178 1477 3239 ὅσα
1513 3205 1618 3256 περ
1655 3179 1822 3242 αύτὸς

216 3269 445 3328 ἐπινοέω
469 3267 732 3343 ποιήσειν
751 3267 987 3344 εἴρηκας·
1016 3266 1126 3342 ἐγώ
1149 3265 1260 3342 γοὶρ
1275 3265 1682 3342 βεβούλευμαι,
1703 3265 1822 3337 ζεύ-
