2184 3517
243 112 533 187 122-2125]
891 119 1216 170 Emrnn.
1750 124 1843 172 169

240 206 294 264 οἶ
318 204 429 281 μὲν
454 200 729 279 πρότερον
754 203 809 261 οἱ
833 199 894 260 δὲ
918 199 1173 277 ὕστερον,
1201 197 1273 263 ὦς
1299 198 1415 280 ἰδίω
1442 201 1653 262 ἑωυτῶν
1678 200 1841 264 ἐόντι·

238 295 350 351 τῶν
377 289 491 371 ἐγῶ
519 287 671 351 εῖδῶς
694 287 767 348 τὰ
792 286 1076 363 οὐνόματα
1104 285 1170 346 οὗ
1196 285 1418 367 γράφω.

320 378 520 455 Μέχρι
558 376 663 452 μέν
705 399 803 436 νυν
840 373 1208 452 Ῥαμψινίτου
1248 374 1527 450 βασιλέος
1566 374 1706 437 εἶναι
1746 381 1805 437 έν
1825 378 1941 437 124

240 463 514 545 Αἶγυπτω
543 466 738 523 πᾶσαν
775 460 1034 571 εὐνομίην
1066 462 1282 541 ἔλεγον,
1316 462 1410 521 καὶ
1445 461 1719 538 εὐθηνέειν
1749 463 1848 523 Αἴ-

239 578 459 634 γυπτον
513 549 791 642 μεγάλως·
843 575 989 627 μετα
1041 549 1103 609 δὲ
1153 553 1367 620 τοῦτον,
1414 550 1849 627 βασιλεύσαντά

241 646 443 716 σφεων
485 637 687 699 Χέοπα
720 641 777 701 ἐς
819 641 1015 697 πᾶσαν
1052 636 1334 712 κακότητα
1374 636 1600 698 ἐλάσαι.
1682 664 1848 699 κατα-

199 759 205 764 ·
242 727 567 803 κληΐσαντα
593 724 705 806 γάρ
730 751 828 803 μιν
852 723 1037 784 πάντα
1065 724 1139 783 τοὶ
1172 723 1281 800 ἷρα,
1306 727 1501 802 πρῶτα
1533 726 1638 802 μέν
1662 733 1849 803 σφεας

243 814 488 875 θυσιέων
510 811 766 890 οἷπέρξαι·
807 812 950 888 μετὰ
982 812 1058 883 δὲ,
1086 809 1421 892 ἐργάζεσθαι
1458 815 1636 893 ἑωυτῷ
1662 814 1849 874 κελεύ-

246 924 327 962 ειν
361 899 580 962 πάντας
618 900 972 980 Αἰγυπτίους·
1013 901 1170 958 τοῖσι
1208 900 1312 974 μὲν
1351 897 1420 974 δὴ
1462 898 1848 981 ἀποδεδέχθω,

247 992 309 1048 ἐκ
355 991 470 1047 τῶν
507 985 875 1064 λιθοτομιέων
914 988 1025 1045 τῶν
1065 990 1125 1045 ἐν
1169 988 1248 1063 τῷ
1286 984 1541 1066 Ἀραβίῳ
1581 986 1745 1065 οὔρεϊ,
1787 994 1851 1049 ἐκ

245 1075 490 1135 τουτέων
514 1074 696 1134 ἕλκειν
721 1073 915 1136 λίθους
937 1071 1110 1151 μέχρι
1132 1076 1234 1132 τοῦ
1260 1074 1493 1132 Νείλου·
1527 1073 1850 1153 διαπεραιω-

249 1162 446 1226 θέντας
472 1161 533 1221 δὲ
556 1159 656 1222 τᾶν
673 1159 929 1238 ποταμὸν
953 1160 1210 1220 πλοίοισι
1233 1158 1364 1223 τούς
1389 1159 1582 1224 λίθους
1610 1163 1851 1239 ἑτέροισι

251 1250 409 1320 ἔταξε
442 1249 783 1318 ἐκδέκεσθαι,
817 1247 910 1307 καὶ
943 1246 1085 1325 πρός
1117 1246 1186 1308 τὰ
1216 1246 1472 1324 Λιβυκόν
1508 1247 1853 1326 καλεύμενον

250 1335 398 1413 ὅρος,
440 1335 586 1413 πρὸς
627 1339 794 1395 τοῦτο
841 1335 1042 1398 ἕλκειν·
1092 1333 1392 1415 ἐργάζοντο
1432 1333 1494 1394 δὲ
1538 1334 1681 1396 κατὰ
1719 1335 1853 1396 δέκα

250 1423 525 1502 μυριάδας
550 1421 852 1501 α’νθρῶπων
877 1422 985 1483 αἰεὶ
1008 1421 1114 1500 τήν
1137 1422 1402 1500 τρίμηνον
1429 1423 1687 1500 ἑκάστην·
1718 1422 1852 1503 χρό-

252 1537 350 1573 νον
376 1512 438 1571 δέ
459 1511 786 1593 ἐγγενέσθαι
810 1511 1129 1590 τριβομένῳ
1153 1513 1231 1588 τῷ
1254 1509 1416 1589 ἄλλω
1433 1513 1572 1589 λαῷ,
1592 1511 1725 1571 δέκα
1747 1514 1853 1589 μὲν

254 1600 381 1659 ἔτεα
402 1603 508 1675 τῆς
533 1597 663 1658 ὁδοῦ
684 1597 801 1658 κατ’
817 1597 888 1674 ἣν
909 1597 1097 1657 εἷλκον
1113 1597 1245 1661 τούς
1262 1596 1471 1669 λίθους,
1491 1598 1597 1674 τήν
1616 1598 1851 1676 ἔδειμαν,

255 1687 423 1767 ἔργον
447 1685 542 1746 ἐᾶν
567 1684 633 1745 οὖ
664 1688 865 1766 πολλῶ
886 1685 992 1764 τέῳ
1018 1685 1273 1744 ἔλασσον
1296 1687 1398 1760 τῆς
1428 1685 1754 1764 πυραμίδος,
1784 1685 1857 1750 ῶς

255 1775 383 1852 ἐμοὶ
409 1773 636 1835 δοκέειν·
669 1772 795 1854 (τῆς
820 1772 930 1854 γὰρ
955 1776 1134 1849 μῆκος
1157 1772 1262 1849 μέν
1289 1775 1400 1836 εἶσι
1424 1774 1590 1834 πέντε
1616 1772 1854 1844 στάδιοι,

257 1862 417 1939 εὖρος
450 1862 512 1921 δὲ
545 1861 678 1921 δέκα
711 1859 948 1941 ὀργυιαὶ,
978 1859 1121 1938 ὕψος
1154 1859 1231 1931 δὲ,
1262 1863 1335 1940 τῇ
1368 1859 1698 1939 ὖψηλοτάτη
1730 1861 1855 1921 ἐστὶ

256 1948 402 2025 αὖτή
428 1951 646 2024 ἐωυτῆς,
666 1946 810 2009 ὄκτῶ
837 1946 1071 2029 ὀργυιαὶ,
1092 1948 1258 2009 λίθου
1282 1973 1346 2008 τε
1372 1947 1573 2017 ξεστοῦ
1594 1948 1687 2008 καὶ
1708 1947 1857 2020 ζώων

257 2035 767 2119 ἐγγεγλυμμένων)
796 2035 970 2115 ταύτῃ
988 2060 1052 2096 τε
1074 2034 1145 2110 δὴ
1172 2035 1244 2095 τὰ
1269 2035 1402 2096 δέκα
1426 2035 1551 2095 ἔτεα
1567 2036 1852 2117 γενέσθαι,

258 2126 358 2183 καὶ
379 2128 490 2185 τῶν
515 2124 607 2184 ἐπὶ
629 2127 733 2184 τοῦ
759 2123 966 2199 λόφου,
994 2122 1080 2183 ἐπ’
1108 2119 1175 2182 οὗ
1203 2125 1408 2183 ἑστᾶσι
1442 2126 1502 2183 αἱ
1534 2124 1854 2201 πυραμίδες,

256 2216 373 2271 τῶν
404 2211 515 2273 ὖπό
550 2215 660 2293 γῆν
695 2209 1022 2288 οἰκημάτων,
1048 2209 1153 2272 τοὶς
1185 2210 1431 2270 ἐποιέετο
1465 2209 1639 2284 θήκας
1680 2213 1859 2289 ἑωυτῷ

259 2304 323 2359 ἐν
347 2299 500 2379 νήσῳ
527 2299 766 2379 διώρυχα
795 2302 897 2359 τοῦ
927 2298 1144 2359 Νεῦιου
1176 2296 1488 2377 ε’σαγαγῶν.
1554 2301 1628 2375 τῇ
1660 2297 1721 2356 δὲ
1754 2323 1856 2357 πυ-

255 2387 454 2465 ραμίδι
477 2386 619 2465 αὗτῇ
635 2386 840 2465 χρόνον
861 2385 1129 2468 γενέσθαι
1155 2385 1364 2444 ἐείκοσι
1389 2383 1513 2443 ἔτεα
1537 2383 1855 2464 ποιευμένῃ·

255 2478 364 2550 τῆς
402 2479 527 2534 ἐστι
564 2477 827 2552 πανταχῆ
867 2474 1127 2552 μέτωπον
1167 2472 1405 2532 ἕκαστον
1451 2470 1596 2531 ὄκτῶ
1636 2472 1859 2549 πλέθρα

258 2560 464 2638 ἐούσης
487 2560 848 2642 τετραγώνου,
875 2561 968 2621 καὶ
997 2559 1141 2639 ὕψος
1171 2559 1319 2620 ἴσον·
1362 2560 1528 2620 λίθου
1560 2559 1621 2619 δὲ
1656 2558 1858 2628 ξεστοῦ

255 2673 325 2710 τε
361 2652 458 2709 καὶ
494 2649 855 2727 ἁρμοσμένου
892 2648 965 2709 τοὶ
1002 2646 1280 2725 μάλιστα·
1323 2645 1500 2711 οὐδεὶς
1536 2650 1646 2707 τῶν
1685 2646 1860 2707 λίθων

255 2737 560 2814 τριήκοντα
583 2737 770 2797 ποδῶν
796 2734 1078 2796 ἐλάσσων.
1144 2733 1422 2811 Ἐποιήθη
1447 2735 1508 2795 δὲ
1540 2732 1644 2794 ὦδε
1677 2732 1817 2810 αὕτη
1838 2734 1952 2792 125

255 2825 299 2901 ἦ
350 2825 613 2904 πυραμὶς,
667 2823 1014 2901 ἀναβαθμῶν
1064 2821 1293 2900 τρόπον·
1353 2821 1456 2886 τάς
1512 2822 1859 2899 μετεξέτεροι

258 2912 518 2990 κρόσσας
564 2915 619 2973 οἱ
670 2912 731 2972 δὲ
773 2911 1029 2988 βωμίδας
1073 2909 1435 2987 ὅνομάζουσι·
1494 2908 1754 2984 τοιαύτην
1790 2905 1860 2967 τό

258 3006 484 3079 πρῶτον
509 3000 635 3060 ἐπεί
662 3024 727 3060 τε
752 2999 1025 3075 ἐποίησαν
1051 2995 1244 3072 αὐτήν,
1271 2996 1459 3074 ἤειρον
1488 2993 1618 3058 τούς
1649 2994 1859 3054 ἐπιλοί-

258 3114 403 3153 πους
418 3089 614 3152 λίθους
635 3090 929 3167 μηχανῇσι
948 3086 1132 3156 ξύλων
1148 3084 1412 3163 βραχέων
1429 3082 1857 3160 πεποιημένῃσι,

257 3175 520 3257 χαμάθεν
542 3178 694 3254 'aiv'
668 3176 759 3236 επὶ
777 3200 876 3235 τον
894 3176 1116 3251 πρῶτον
1136 3175 1369 3251 στοῖχον
1386 3173 1498 3231 τῶν
1517 3168 1864 3246 ἀναβαθμῶν

258 3262 555 3390 αείροῖντες,
583 3261 721 3326 ὅκως
747 3260 867 3323 δὲ’
831 3261 975 3322 ανίοι
999 3286 1032 3322 ο
1015 3258 1271 3323 ’λίθος’
1245 3257 1330 3319 επ’
1355 3254 1541 3329 αὐτὸν,
1569 3260 1646 3321 εἰς
1671 3256 1863 3332 ετέρην

411 3346 472 3395 14
