2184 3517
221 128 423 179 115-1
431 127 513 192 18]
912 131 1182 181 GAAEIA.
1735 134 1831 189 23⁷

216 206 473 284 ἑκάστης
501 208 811 270 ἐκάστοισι·
865 211 990 271 ἐπεί
1017 235 1080 271 τε
1112 211 1173 271 δὲ
1205 209 1318 272 ὕπό
1348 213 1429 291 τῷ
1458 211 1663 293 Πέρσῃ
1701 215 1832 285 εἶσὶ,

215 295 550 356 πεπόνθασι
599 296 832 358 τοιόνδε·
911 298 1013 362 τάς
1079 298 1406 381 διασφάγας
1469 304 1581 361 τῶν
1632 300 1836 378 οὐρέων

219 384 479 460 ἐνδείμας
519 384 552 445 ὅ
603 384 899 462 βασιλεῦς,
942 386 1129 450 πύλας
1170 386 1255 446 ἐπ’
1299 387 1510 467 ἑκάστῃ
1553 388 1835 472 διασφάγι

219 472 457 547 ἔστησε·
498 472 975 550 ἀποκεκληῖμένου
1001 475 1064 534 δὲ
1086 478 1188 534 τοῦ
1212 474 1412 538 ὕδατος
1441 479 1543 552 τῆς
1569 476 1831 550 διεξόδου,

217 559 292 620 τό
348 560 538 621 πεδίον
585 560 654 622 τό
708 561 860 624 ἐντὸς
898 564 1011 622 τῶν
1053 561 1257 641 ούρέων
1307 564 1559 644 πέλαγος
1600 566 1829 645 γίνεται,

221 647 536 712 ἐνδιδόντος
584 651 688 727 μὲν
736 653 838 710 τοῦ
898 654 1161 728 ποταμοῦ
1221 652 1447 730 ἔχοντος
1499 650 1560 710 δὲ
1613 651 1832 730 οὐδαμῆ

221 735 508 811 ἐξήλυσιν.
594 734 749 798 οὗτοι
774 737 848 798 ὧν
873 738 1033 817 οἵπερ
1069 739 1390 816 ἔμπροσθεν
1422 738 1669 800 ἐώθεσαν
1691 745 1830 819 χρᾶ-

220 824 369 885 σθαι
392 828 470 904 τῷ
492 824 665 898 ὕδατι,
697 824 798 886 οὔκ
825 826 1046 905 ἔχοντες
1076 826 1223 905 αὐτῷ
1255 828 1525 907 χρᾶσθαι,
1554 833 1828 910 συμφορῇ

218 911 452 992 μεγάλῃ
476 912 851 992 διαχρέωνται·
891 914 993 975 τὸν
1014 916 1121 990 μὲν
1142 913 1253 995 γάρ
1279 918 1529 993 χειμῶνα
1546 914 1630 975 ὕει
1656 923 1769 992 σφι
1794 917 1830 978 ὅ

221 999 371 1069 θεὸς,
416 999 604 1078 ὥσπερ
642 1001 734 1060 καὶ
761 1005 919 1062 τοῖσι
953 1001 1192 1062 ἄλλοισι
1226 1001 1592 1079 ἀνθρώποισι·
1631 1008 1733 1063 τοῦ
1767 1004 1829 1066 δὶ

219 1087 416 1164 θέρεος
439 1092 762 1168 σπείροντες
786 1090 1020 1167 μελίνην
1046 1090 1142 1149 καὶ
1172 1088 1457 1166 σήσαμον,
1484 1091 1828 1169 χρηΐσκοντο

216 1178 302 1252 τῷ
352 1174 528 1237 ὕδατι·
583 1177 751 1238 ἐπεάν
804 1176 879 1239 ὧν
930 1177 1105 1255 μηδέν
1147 1184 1262 1254 σφι
1300 1177 1681 1253 παραδιδῶται
1719 1182 1822 1241 τοῦ

215 1260 438 1341 ὕδατος,
479 1264 738 1329 ἐλθόντες
776 1270 850 1329 ἐς·
868 1265 999 1329 τούς
1026 1266 1260 1344 Πέρσας
1299 1262 1464 1325 αύτοί
1494 1290 1559 1325 τε
1599 1265 1691 1324 καὶ
1728 1292 1826 1346 γυ·

215 1354 422 1423 ναῖκες,
446 1352 679 1416 στάντες
705 1352 846 1413 κατὰ
868 1354 972 1417 τοῖς
998 1353 1171 1432 θύρας
1193 1356 1294 1414 τοῦ
1320 1353 1602 1428 βασιλέος
1629 1354 1822 1429 βοῶσι

216 1436 543 1516 ὠρυόμενοι·
599 1440 632 1501 ὅ
674 1442 733 1501 δὲ
771 1441 1053 1518 βασιλεῦς
1090 1444 1247 1502 τοῖσι
1287 1440 1604 1517 δεομένοισι
1641 1441 1823 1503 αὐτῶν

213 1526 477 1603 μάλιστα
502 1530 820 1589 ἐντέλλεται
845 1527 1089 1610 ἀνοίγειν
1113 1528 1217 1592 τοὶς
1241 1528 1427 1592 πύλας
1447 1528 1551 1592 τάς
1574 1533 1630 1592 ἐς
1652 1532 1823 1590 τοῦτο

214 1614 524 1691 φερούσας·
579 1617 746 1678 ἐπεάν
780 1617 842 1676 δὲ
882 1615 1139 1694 διάκορος
1173 1616 1214 1693 ἦ
1245 1620 1323 1698 γῆ
1364 1617 1558 1692 σφέων
1595 1617 1823 1697 γένηται

216 1704 461 1764 πίνουσα
485 1704 551 1764 τὸ
590 1704 752 1782 ὕδωρ,
779 1702 943 1765 αὗται
977 1708 1082 1782 μὲν
1109 1708 1168 1765 αἶ
1192 1704 1370 1764 πύλαι
1401 1704 1819 1779 ἀποκληίονται,

211 1790 401 1856 ἄλλας
440 1789 489 1852 δ’
529 1794 848 1854 ἐντέλλεται
888 1792 1132 1874 ἀνοίγειν
1166 1792 1402 1852 ἄλλοισι
1441 1796 1597 1852 τοῖσι
1632 1791 1820 1869 δεομέ-

209 1904 367 1940 νοισι
389 1881 646 1956 μάλιστα
669 1885 777 1941 τῶν
802 1884 1034 1941 λοιπῶν·
1075 1880 1148 1945 οἷς
1173 1880 1235 1940 δὲ
1260 1880 1370 1961 ἐγώ
1396 1879 1522 1940 οἴδα
1555 1877 1820 1952 ἀκούσας,

207 1967 481 2047 χρήματα
523 1970 749 2050 μεγάλα
792 1967 1193 2046 πρησσόμενος
1230 1967 1459 2049 ἀνοίγει,
1495 1966 1676 2044 πάρεξ
1716 1972 1819 2029 τοῦ

209 2055 417 2132 φόρου.
497 2062 675 2118 ταῦτα
700 2059 804 2135 μὲν
830 2056 899 2132 δή
928 2059 1043 2136 ἔχει
1069 2056 1231 2118 οὕτω.

294 2148 419 2204 Τῶν
459 2144 519 2204 δὲ
555 2149 634 2223 τῷ
672 2145 857 2226 Μάγῳ
899 2145 1330 2205 ἐπαναστάντων
1369 2143 1509 2204 ἐπτοὶ
1548 2141 1777 2221 ἀνδρῶν,
1798 2146 1914 2206 118

207 2230 310 2290 ἕνα
352 2231 533 2294 αὐτῶν
571 2232 931 2312 Ἰνταφέρνεα
971 2234 1275 2309 κατέλαβε,
1309 2232 1630 2309 ὑβρίσαντα
1667 2232 1816 2301 τάδε,

205 2318 515 2382 ἀποθανεῖν
556 2321 753 2382 αὐτίκα
791 2321 936 2398 μετά
973 2322 1080 2397 τὴν
1107 2319 1511 2381 ἐπανάστασιν·
1551 2318 1725 2394 ἤθελε
1764 2323 1820 2384 ἐς

201 2407 283 2467 τά
321 2409 609 2485 βασιλήῖα
650 2409 902 2470 ἐσελθων
940 2408 1409 2489 χρηματίσασθαι
1443 2406 1520 2485 τῷ
1553 2406 1814 2482 βασιλέϊ·

205 2497 304 2555 καὶ
333 2523 449 2579 γαρ
487 2498 555 2574 δὴ
584 2500 677 2557 καὶ
703 2498 735 2559 ὁ
764 2498 933 2574 νόμος
970 2523 1114 2558 ουτω
1140 2497 1257 2576 εἶχε
1282 2498 1437 2556 τοῖσι
1462 2497 1819 2554 ἐπαναστασι

202 2587 287 2662 τῷ
323 2585 527 2667 Μάγω,
557 2575 756 2647 ἔσοδον
783 2587 923 2646 εἶναι
953 2598 1117 2661 παρα
1132 2582 1450 2662 βασιλέα”
1413 2608 1543 2644 ανευ
1569 2580 1817 2663 ἀγγέλου

201 2672 279 2746 ἣν
313 2672 396 2750 μὴ
427 2676 647 2755 γυναικὶ
681 2674 932 2756 τυγχάνῃ
958 2673 1304 2755 μισγόμενος
1329 2700 1360 2733 ο
1344 2669 1686 2749 βασιλεύς·
1729 2667 1819 2730 οὗ·

204 2785 317 2821 κων
357 2761 428 2837 δή
468 2761 827 2841 Ἰνταφέρνης
868 2762 1105 2822 ἐδικαίευ
1146 2762 1342 2823 οὐδένα
1377 2764 1432 2822 οἶ
1468 2762 1816 2841 ἐσαγγεῖλαι,

204 2845 357 2919 ἀλλ’,
386 2850 475 2910 ὅτι
499 2849 570 2926 ἦν
595 2856 707 2911 τῶν
735 2849 890 2921 ἐπτά,
920 2849 1132 2910 ἐσιέναι
1156 2848 1347 2926 ἤθελε·
1389 2849 1422 2909 ὅ
1450 2849 1509 2908 δὲ
1535 2845 1817 2923 πυλουρὸς

203 2937 300 2994 καὶ
326 2936 359 2996 ὁ
387 2936 809 3019 ἀγγελιηφόρος
833 2937 898 2998 οὗ
926 2937 1244 3015 περιῶρεον,
1263 2936 1507 3015 φάμενοι
1524 2935 1627 2995 τὸν
1644 2935 1817 3008 βασι-

204 3024 312 3083 λέα
365 3027 586 3107 γυναικὶ
637 3026 971 3108 μίσγεσθαι·
1028 3024 1063 3085 ὁ
1112 3024 1175 3084 δὲ
1211 3024 1571 3102 Ἰνταφέρνης
1615 3019 1818 3080 δοκέων

203 3113 393 3188 σφέας
420 3114 625 3193 ψεύδεα
651 3114 854 3195 λέγειν,
874 3114 1051 3174 ποιέει
1074 3110 1281 3172 τοιάδε·
1324 3109 1693 3187 σπασάμενος
1715 3132 1818 3167 τον

200 3198 471 3261 ἀκινάκεα
511 3201 820 3278 ἀποτάμνει
857 3199 1037 3260 αὐτῶν
1061 3199 1136 3259 τά
1158 3225 1221 3258 τε
1248 3197 1362 3257 ὦτα
1388 3199 1481 3257 καὶ
1505 3197 1607 3260 τάς
1642 3199 1812 3274 ῥῖνας,

201 3288 300 3349 καὶ
339 3288 564 3368 ἀνείρας
600 3289 731 3367 περὶ
767 3285 868 3348 τᾶν
900 3284 1139 3367 χαλινόν
1168 3290 1272 3347 τοῦ
1312 3287 1485 3347 ἵππου
1524 3287 1654 3364 περὶ
1686 3282 1819 3346 τούς

361 3369 420 3416 21
