2184 3517
366 119 461 167 146
959 115 1330 167 ἭΡοΔοΤοτ
1863 117 1973 183 [11.

364 196 646 272 εἰρινέοισι
680 196 874 272 εἵμασι
906 193 1212 271 θαφθῆναι,
1241 196 1364 256 ἔστι
1395 194 1455 255 δὲ
1474 195 1614 273 -περὶ
1641 194 1826 256 αὐτῶν
1853 198 1979 274 ἰρὸς

364 282 538 365 λόγος
562 281 883 363 λεγόμενος.

269 373 348 432 82
448 371 564 430 Καὶ
588 371 720 431 τάδε
746 369 900 429 ἅλλα
920 370 1288 451 Αἰγυπτίοισί
1307 375 1431 432 ἐστι
1457 370 1810 449 ἐξευρημένα·
1849 372 1975 449 μείς

364 484 429 519 τε
454 460 546 518 καὶ
570 459 750 536 ἡμέρη
779 457 1157 534 ἑκάστηθεῶν
1183 457 1309 518 ὅτευ
1336 458 1479 520 ἐστί·
1513 460 1605 517 καὶ
1630 463 1703 538 τῇ
1731 459 1976 524 ἕκαστος

364 546 544 625 ἡμέρῃ
568 545 881 628 γενόμενος,
909 545 1124 606 ὁτέοισι
1155 544 1452 626 ἐγκυρήσει
1487 546 1582 605 καὶ
1611 544 1751 610 ὅκως
1778 552 1973 608 τελευ-

363 633 526 710 τήσει
543 635 634 693 καὶ
654 631 835 696 ὁκοῖός
855 657 940 696 τις
960 633 1139 713 ἔσται·
1168 633 1261 693 καὶ
1275 631 1530 694 τούτοισι
1547 637 1659 694 τῶν
1675 633 1972 710 Ἑλλήνων

366 725 422 783 οἰ
448 727 507 782 ἐν
530 720 759 797 ποιήσει
782 719 1073 801 γενόμενοι
1101 719 1437 798 ἐχρήσαντο.
1498 720 1704 798 τέρατά
1727 746 1792 781 τε
1817 722 1971 782 πλέα

363 815 477 886 σφι
515 807 806 887 ἀνεύρηται
836 805 873 884 ἢ
904 811 1059 868 τοῖσι
1098 807 1335 868 ἄλλοισι
1373 807 1555 869 ἅπασι
1595 808 1966 887 ἀνθρώποισι·

361 897 661 979 γενομένου
712 893 825 978 γὰρ
877 896 1122 974 τέρατος,
1178 890 1554 971 φυλάσσουσι
1612 896 1967 977 γραφόμενοι

362 985 735 1062 τώποβαῖνον·
778 984 871 1043 καὶ
894 982 965 1059 ἥν
991 1009 1120 1044 κοτε
1145 982 1383 1062 ὕστερον
1414 983 1819 1062 παραπλήσιον
1842 984 1966 1046 τού-

362 1099 441 1155 τῳ
485 1075 727 1156 γένηται,
777 1070 916 1131 κατσῖ
968 1070 1146 1132 τῶυτό
1193 1072 1488 1150 νομίζουσι
1534 1070 1963 1149 ἀποβήσεσθαι.

270 1166 348 1223 83
366 1162 628 1238 Μαντική
671 1162 730 1222 δὲ
777 1159 999 1219 αὐτοῖσι
1042 1157 1147 1219 ὧδε
1188 1160 1479 1220 διακέεται·
1520 1160 1823 1238 ἀνθρώπων
1858 1164 1967 1238 μὲν

366 1250 545 1312 οὐδενὶ
584 1249 922 1329 προσκέεται
959 1247 999 1325 ἦ
1036 1248 1224 1328 τέχνη,
1255 1253 1366 1309 τῶν
1405 1249 1465 1309 δὲ
1505 1250 1646 1310 θεῶν
1681 1249 1964 1326 μετεξετέ-

361 1365 534 1415 ροισι·
578 1339 670 1397 καὶ
694 1337 804 1418 γοὶρ
830 1336 1147 1413 Ἡρακλέος
1179 1337 1450 1414 μαντήϊον
1481 1335 1678 1398 αὖτόθι
1714 1338 1838 1397 ἐστὶ
1869 1339 1966 1397 καὶ

363 1425 726 1488 ’Λπόλλωνος
751 1425 844 1484 καὶ
867 1422 1168 1501 Ἀθηναίης
1194 1425 1286 1484 καὶ
1310 1424 1634 1504 Ἀρτέμιδος
1652 1425 1745 1485 καὶ
1758 1423 1966 1503 Ἀρεος

350 1516 458 1577 ,καὶ
486 1513 636 1583 Διός,
668 1514 775 1582 καὶ,
804 1510 902 1593 ὅγε
932 1512 1192 1589 μάλιστα
1228 1518 1287 1574 ἐν
1316 1518 1455 1593 τιμῇ
1481 1512 1711 1594 ἄγονται
1739 1512 1965 1574 πάντων

363 1606 474 1662 τῶν
518 1601 811 1678 μαντηΐων,
860 1604 1080 1676 Λητοῦς
1129 1605 1187 1660 ἐν
1232 1605 1440 1662 Βουτοῖ
1481 1599 1621 1661 πόλι
1668 1601 1810 1661 ἐστί.
1890 1600 1965 1663 οὗ

362 1691 553 1767 μέντοι
578 1688 729 1771 αἵγε
754 1686 1024 1764 μαντήῖαί
1046 1694 1159 1765 σφι
1187 1687 1327 1749 κατσῖ
1353 1688 1529 1750 τῶυτὸ
1559 1692 1776 1759 ἑστᾶσι,
1803 1687 1965 1750 ἀλλὰ

225 1770 240 1805 ““
268 1781 345 1838 84
364 1777 629 1855 διάφοροί
657 1781 785 1836 εἰσι.
851 1775 927 1837 Ἡ
962 1775 1021 1834 δὲ
1050 1776 1266 1854 ἰητρικὴ
1295 1775 1436 1836 κατὰ
1460 1776 1593 1836 τάδε
1618 1782 1731 1853 σφι
1762 1777 1967 1838 δέδασ-

361 1892 472 1926 ται·
499 1870 629 1943 μιῆς
644 1864 850 1926 νούσου
871 1864 1106 1928 ἔκαστος
1129 1864 1311 1942 ἰητρός
1332 1869 1470 1936 ἐστι,
1490 1864 1582 1923 καὶ
1602 1863 1667 1924 οὖ
1687 1865 1968 1926 πλεόνων·

340 1953 544 2036 ,πάντα
584 1953 630 2013 δ’
664 1957 862 2030 ἰητρῶν
897 1953 1021 2011 ἐστὶ
1060 1952 1230 2011 πλέα·
1272 1955 1326 2012 οἰ
1363 1953 1467 2029 μὲν
1500 1952 1611 2034 γὰρ
1644 1951 1971 2030 ὀφθαλμῶν

364 2043 543 2120 ἰητροὶ
570 2040 917 2111 κατεστέασι,
948 2043 1002 2099 οἱ
1039 2039 1100 2098 δὲ
1131 2044 1401 2116 κεφαλῆς,
1430 2044 1485 2100 οἱ
1520 2040 1580 2099 δὲ
1605 2038 1861 2101 ὀδόντων·
1902 2045 1968 2103 οἱ

237 2128 246 2193 ι’
363 2130 423 2209 δὲ
445 2135 556 2191 τῶν
583 2128 723 2190 κατὰ
749 2128 933 2206 νηδῦν,
961 2131 1016 2188 οἱ
1042 2127 1103 2186 δὲ
1127 2131 1238 2187 τῶν
1265 2127 1521 2204 ἀφανέων
1547 2119 1839 2189 νούσων.)(

227 2274 240 2287 ,
267 2223 343 2280 85
442 2223 650 2296 Θρῆνοι
688 2217 747 2276 δὲ
788 2217 880 2276 καὶ
917 2218 1103 2292 ταφαί
1138 2222 1332 2293 σφεων
1367 2217 1478 2276 εἰσὶ
1517 2215 1655 2276 αἵδε·
1695 2220 1849 2278 τοῖσι
1885 2216 1969 2280 ἂν

362 2307 701 2389 ἀπογένηται
721 2310 781 2366 ἐκ
800 2310 909 2366 τῶν
931 2305 1113 2365 οἰκίων
1135 2302 1421 2382 ἅνθρωπος
1439 2308 1541 2364 τοῦ
1558 2330 1644 2368 τις
1665 2305 1758 2363 καὶ
1783 2304 1968 2386 λόγος

358 2394 413 2475 ᾗ,
442 2396 509 2457 τὸ
540 2397 684 2471 θῆλυ
710 2394 870 2475 γένος
904 2396 1019 2453 πᾶν
1049 2392 1116 2452 τό
1151 2397 1212 2452 ἐκ
1242 2396 1354 2453 τῶν
1382 2393 1566 2452 οἰκίων
1595 2390 1805 2453 τούτων
1837 2395 1966 2454 κατ’

360 2484 436 2544 ὦν
456 2482 746 2543 ἐπλάσατο
772 2480 876 2558 τὴν
897 2479 1154 2558 κεφαλὴν
1178 2484 1342 2560 πηλῷ
1367 2478 1404 2557 ἢ
1426 2480 1518 2539 καὶ
1541 2479 1608 2541 τό
1629 2479 1965 2558 πρόσωπον·

361 2570 595 2631 κᾶπειτα
621 2575 680 2629 ἐν
703 2572 857 2630 τοῖσι
883 2569 1110 2629 οἰκίοισι
1136 2572 1409 2629 λιποῦσαι
1433 2568 1535 2649 τᾶν
1559 2568 1769 2646 νεκρὰν,
1796 2567 1968 2631 αὐταὶ

360 2656 467 2718 dmi
491 2657 597 2733 τήν
620 2654 790 2717 πόλιν
810 2656 1234 2735 στρωφώμεναι,
1254 2656 1555 2718 τύπτονται
1581 2657 1969 2734 ἐπεζωσμέναι

357 2745 452 2807 καὶ
489 2745 794 2821 φαίνουσαι
826 2743 958 2808 τούς
991 2744 1217 2821 μαζούς·
1260 2745 1371 2806 σῦν
1397 2745 1461 2806 δέ
1498 2751 1613 2822 σφι
1648 2748 1707 2805 αἰ
1740 2745 1966 2823 προσ-η’·-

359 2859 559 2894 κουσαι
584 2836 785 2892 πᾶσαι·
829 2833 1089 2909 ἑτέρωθεν
1115 2833 1175 2892 δὲ
1208 2836 1262 2892 οῖ
1288 2832 1479 2911 ἄνδρες
1506 2833 1808 2894 τύπτονται
1835 2837 1966 2894 ἐπε-

359 2923 632 2999 ζωσμένοι
659 2922 750 2980 καὶ
782 2918 954 2980 οὗτοι·
997 2920 1164 2981 ἐπεὰν
1189 2921 1248 2981 δὲ
1277 2925 1453 2981 ταῦτα
1483 2920 1787 2998 ποιήσωσι,
1814 2920 1965 2984 οὕτω

264 3014 339 3070 86
361 3016 416 3074 ἐς
449 3010 553 3085 τὴν
586 3009 909 3088 ταρίχευσιν
951 3009 1262 3085 κομίζουσι.
1328 3010 1464 3068 Εἰσὶ
1505 3008 1566 3068 δὲ
1605 3009 1660 3070 οἳ
1699 3008 1784 3069 ἐπ’
1811 3008 1968 3090 αὐτῷ

357 3096 533 3176 τούτῳ
580 3099 854 3169 κατέαται,
905 3099 997 3156 καὶ
1041 3098 1244 3177 τέχνην
1290 3098 1483 3176 ἔχουσι
1527 3096 1736 3174 ταύτην
1783 3095 1966 3158 οὗτοι·

359 3183 526 3243 ἐπεάν
552 3190 665 3261 σφι
692 3185 939 3263 κομισθῇ
965 3186 1154 3262 νεκρός
1180 3184 1464 3245 δεικνύασι
1498 3189 1653 3246 τοῖσι
1680 3180 1970 3263 κομίσασι

358 3269 781 3348 παραδείγματα
805 3276 1010 3349 νεκρῶν
1035 3272 1232 3342 ξύλινα
1257 3276 1331 3352 τῇ
1353 3278 1553 3354 γραφῇ
1577 3274 1968 3353 μεμιμημένα·

371 3396 410 3425 Υ

938 3419 946 3435 ⁸

881 3450 886 3459 ⁴
937 3438 1014 3473 ¹⁸:
1059 3437 1101 3457 ’δι
1156 3446 1173 3475 λ.
1266 3468 1273 3477 .
1358 3418 1367 3437 1
1462 3464 1475 3475 ι
1538 3454 1559 3484 x
