2184 3517
293 112 380 159 ωε
716 108 1080 158 ἭΡοΔοτοτ
1111 105 1434 155 mmmm
1778 103 1883 168 [11.

286 188 371 249 “‹2’›
397 189 575 273 γύναι,
604 189 746 249 κατά
773 214 845 263 με
877 186 1220 263 ἐφάρμαξας,
1247 186 1341 244 καὶ
1381 184 1506 245 ἔστι
1533 208 1624 244 τοι
1654 182 1889 261 οὐδεμία

286 276 510 356 μηχανὴ
530 301 644 383 μη
705 274 806 335 οὐκ
873 273 1226 334 ἀπολωλέναι
1293 271 1536 331 κάκιστα
1583 272 1888 352 γυναικέων

285 362 562 424 πασέων·”
599 363 638 439 ἤ
674 363 734 422 δὲ
767 362 1000 438 Λαδίκη,
1038 361 1166 420 ἐπεί
1194 359 1260 420 τέ
1293 362 1349 419 οἰ
1382 359 1687 437 αρνευμένῃ
1724 359 1888 419 ουδὲν

287 453 496 534 ἐγίνετο
529 451 833 530 πρηΰτερος
866 477 898 510 ο
919 449 1189 527 Ἀμασις,
1221 446 1443 527 εὔχεται
1479 452 1537 507 ἐν
1571 450 1650 526 τῷ
1680 447 1788 526 νόῳ
1812 451 1887 526 τῇ

285 539 612 620 Ἀφροδίτῃ,
658 538 729 614 ἦν
771 541 825 598 οἶ
865 536 960 597 ὕπ’
1002 537 1213 614 ἐκείνην
1255 536 1361 611 τήν
1407 534 1579 597 νύκτα
1621 507 1806 614 μιχθῇ
1851 535 1885 595 ὁ

274 628 544 705 Ἀμασις,
584 631 750 687 τοῦτο
789 624 901 708 γάρ
938 628 993 685 οἱ
1029 628 1203 684 κακοῦ
1244 623 1384 683 εἶναι
1412 627 1614 703 μῆχος,
1651 619 1887 704 ἄγαλμα

291 719 346 775 οἱ
395 715 750 793 ἀποπέμψειν
803 719 859 777 ἐς
910 711 1191 790 Κυρήνην·
1247 736 1393 789 μετα
1445 710 1506 769 δὲ
1547 735 1662 786 την
1715 709 1888 790 εὖχην

290 802 488 863 αὐτίκα
527 806 581 863 οἱ
618 803 822 882 ἐμίχθη
853 800 886 862 ὅ
921 799 1190 877 Ἀμασις,
1229 799 1323 858 καὶ
1363 798 1431 859 τό
1475 798 1726 859 ἐνθεῦτεν
1759 797 1886 875 ἤδη,

289 890 451 951 ὁκότε
491 892 648 951 ἔλθοι
685 890 826 967 πρὰς
866 887 1055 964 αὐτὴν,
1101 887 1383 968 ἐμίσγετο·
1437 886 1531 944 καὶ
1571 884 1748 963 κάρτα
1786 912 1890 962 μιν

291 980 516 1057 ἔστερξε
535 1006 710 1088 apacm.
760 981 948 1038 τοῦτο.
1026 1002 1065 1087 η
1112 976 1172 1034 δὲ
1221 975 1439 1051 Λαδίκη
1490 973 1739 1035 απέδωκε
1782 975 1891 1051 τὴν

293 1067 463 1147 εὐχὴν
490 1072 563 1148 τῇ
603 1069 727 1147 θεῷ·
767 1066 1122 1142 ποιησαμένη
1161 1088 1274 1144 γαρ
1315 1061 1549 1143 ἄγαλμα
1589 1061 1891 1141 ἀπέπεμψε

295 1162 349 1220 ἐς
375 1156 657 1235 Κυρηνην,
677 1154 744 1216 τὸ
771 1155 852 1214 ἔτι
878 1153 971 1212 καὶ
997 1156 1052 1224 ἐς
1078 1153 1176 1229 ἐμὲ
1200 1149 1272 1226 ἦν
1291 1150 1446 1220 σόον,
1468 1151 1570 1220 ἔξω
1596 1151 1892 1228 ἱδρυμένον

290 1248 393 1304 τοῦ
445 1244 772 1322 Κυρηναίων
822 1266 1042 1303 αστεος.
1123 1238 1330 1315 ταύτην
1366 1236 1471 1313 τὴν
1507 1238 1894 1315 Λαδίκην,ὦς

293 1333 638 1410 ἐπεκράτησε
662 1328 988 1407 Καμβύσης
1013 1327 1301 1409 Αἰγύπτου
1327 1326 1421 1385 καὶ
1455 1326 1690 1388 ἐπύθετο
1717 1326 1895 1404 αὐτῆς

293 1420 331 1497 ἦ
355 1446 439 1484 τις
465 1421 566 1496 εἴη,
592 1418 889 1496 ἀπέπεμψε
914 1416 1113 1477 α’,σινέα
1140 1420 1195 1478 ἐς
1220 1413 1501 1492 Κυρήνην.

207 1511 318 1570 182
398 1508 662 1584 Ἀνέθηκε
707 1506 768 1566 δὲ
810 1506 902 1579 καὶ
941 1503 1274 1581 ἀναθήματα
1318 1502 1350 1563 ὁ
1385 1500 1637 1579 Ἀμασις
1682 1508 1739 1569 ἐς
1783 1503 1895 1581 τὴν

292 1595 563 1666 Ἑλλάδα,
589 1598 754 1655 τοῦτο
791 1595 897 1670 μὲν
935 1597 991 1655 ἐς
1028 1589 1292 1670 Κυρήνην
1325 1589 1558 1671 ἄγαλμα
1583 1591 1897 1671 ἐπίχρυσον

292 1684 604 1761 Ἀθηναίης,
658 1682 751 1741 καὶ
803 1678 985 1740 εἰκόνα
1030 1682 1233 1739 ἐωυτοῦ
1282 1682 1483 1761 γρριφῇ
1537 1682 1893 1759 εἰκασμένην·

293 1776 462 1832 τοῦτο
500 1771 559 1830 δὲ
598 1774 671 1850 τῇ
716 1774 773 1830 ἐν
813 1769 995 1847 Λίνδῳ
1035 1766 1305 1846 Ἀθηναίῃ
1344 1767 1445 1827 δύο
1483 1792 1547 1827 τε
1586 1767 1898 1849 ἀγάλματα

294 1861 501 1930 λίθινα,
543 1859 637 1919 καὶ
673 1857 894 1936 θώρηκα
925 1857 1113 1916 λίνεον
1142 1854 1485 1931 ἀξιοθέητον·
1548 1860 1716 1917 τοῦτο
1751 1857 1802 1917 δ’
1837 1864 1900 1924 ἐς

298 1949 491 2026 Σάμον
523 1952 596 2028 τῇ
632 1946 787 2027 Ἥρῃ
833 1945 1045 2009 εἰκόνας
1086 1947 1289 2004 ἐωυτοῦ
1333 1943 1604 2020 διφασίας
1649 1945 1897 2019 ξυλίνας,

298 2038 358 2099 αἳ
382 2043 441 2098 ἐν
471 2039 548 2117 τῷ
578 2040 689 2115 νηῷ
720 2039 798 2115 τῷ
831 2032 1062 2116 μεγάλῳ
1101 2031 1326 2110 ἱδρύατο
1361 2033 1443 2092 ἔτι
1477 2032 1569 2091 καὶ
1597 2031 1664 2093 τὸ
1695 2035 1900 2112 μέχρις

298 2129 446 2204 ἐμεῦ,
471 2122 675 2186 ὄπισθε
698 2126 810 2184 τῶν
836 2123 1058 2199 θυρέων.
1112 2126 1169 2185 ἐς
1189 2121 1296 2198 μέν
1319 2145 1418 2180 νυν
1442 2120 1636 2197 Σάμον
1659 2120 1901 2197 ἀνέθηκε

299 2213 440 2274 κατὰ
486 2213 687 2289 ξεινίην
724 2211 829 2287 τήν
874 2212 1075 2269 ἑωυτοῦ
1115 2234 1179 2268 τε
1217 2209 1309 2267 καὶ
1356 2207 1754 2285 Πολυκράτεος
1792 2214 1902 2269 τοῦ

297 2302 547 2373 Αἰάκεος,
589 2306 646 2364 ἐς
679 2300 739 2360 δὲ
771 2299 976 2359 Λίνδον
1015 2297 1215 2373 ξεινίης
1252 2298 1356 2373 μὲν
1396 2294 1654 2373 οὐδεμιῆς
1693 2297 1903 2359 εἵνεκεν

298 2391 387 2453 ὅτι
413 2392 473 2453 δὲ
496 2389 563 2450 τό
592 2388 711 2466 ἱρᾶν
735 2387 800 2447 τό
829 2391 887 2447 ἐν
917 2386 1103 2465 Λίνδῳ
1125 2385 1192 2444 τὸ
1218 2388 1319 2460 τῆς
1346 2382 1646 2461 Ἀθηναίης
1669 2387 1902 2466 λέγεται

299 2480 399 2544 τὰς
426 2483 527 2540 τοῦ
554 2479 779 2537 Δαναοῦ
809 2475 1114 2557 θυγατέρας
1141 2471 1479 2550 ἱδρύσασθαι
1506 2473 1901 2553 προσχούσας,

300 2566 394 2629 ὅτε
424 2564 832 2641 ἀπεδίδρησκον
855 2562 984 2626 τούς
1016 2561 1305 2643 Αἰγύπτου
1334 2560 1555 2623 παῖδας.
1593 2567 1770 2623 ταῦτα
1793 2565 1906 2640 μὲν

300 2653 532 2730 ἀνέθηκε
558 2651 873 2728 ὁ”Ἀμασις.
957 2649 1073 2708 εἷλε
1100 2650 1159 2709 δὲ
1190 2648 1425 2725 Κύπρον
1449 2652 1668 2725 πρῶτος
1693 2650 1908 2729 ἀνθρώ-
2183 2655 2184 2748 χ

300 2767 438 2815 πων,
465 2740 557 2800 καὶ
583 2737 1001 2816 κατεστρέψατο
1027 2741 1083 2802 ἐς
1109 2737 1291 2818 φόρου
1315 2735 1640 2819 ἀπαγωγήν.
1953 2799 1963 2820 ἱ

1982 2829 2019 2854 Γ

1826 2875 1875 2922 2
1922 2897 1933 2938 k
1978 2818 2051 2922 Ῑ

1582 2889 1951 3044 Q.
