2184 3517
291 110 572 177 138—140]
951 110 1220 161 eAAmA.
1789 115 1888 163 269

283 193 508 270 θύμησε
536 195 641 269 τῆς
670 190 937 272 χλανίδος
969 192 1063 250 καὶ
1094 190 1270 266 αὐτὴν
1301 191 1637 269 προσελθῶν
1678 190 1903 254 ῶνέετο·

283 280 319 341 ὅ
344 281 408 340 δὲ
433 282 710 345 Συλοσῶν
735 278 909 357 ὁρέων
934 277 1034 338 τὸν
1061 281 1305 355 Δαρεῖον
1338 279 1597 360 μεγάλως
1637 280 1893 357 ἐπιθυμέ-

284 394 423 430 οντα
447 371 549 444 τῆς
573 367 858 447 χλανίδος,
889 367 1012 445 θείῃ
1029 365 1177 445 τύχῃ
1202 366 1513 445 χρεώμενος
1537 367 1712 447 λέγει·
1741 368 1894 448 “ε’γῶ

279 456 494 533 ταύτην
544 455 743 515 πωλέω
794 457 900 530 μὲν
952 453 1173 517 οὗδενὸς
1224 452 1532 533 χρήματος·
1593 454 1786 532 δίδωμι
1832 455 1896 516 δὲ

280 542 475 607 ἄλλως
502 543 554 603 εἴ
575 569 683 620 περ
711 540 853 603 οὕτω
879 541 966 601 δεῖ
980 540 1297 622 γενέσθαι·”
1323 540 1541 605 πάντως
1558 567 1647 601 τοι
1667 543 1891 607 αἰνέσας

277 635 460 693 ταῦτα
485 630 518 692 ὅ
545 634 784 708 Δαρεῖος
808 629 1250 706 παραλαμβάνει
1276 629 1344 689 τό
1372 629 1520 706 εἷμα.
1588 629 1620 688 ὁ
1646 632 1751 707 μὲν
1778 630 1845 706 δὴ
1866 631 1983 692 140

282 721 559 784 Συλοσῶν
584 717 867 795 η’πίστατό
896 720 949 777 οἱ
973 720 1142 777 τοῦτο
1167 716 1525 777 α’πολωλέναι
1551 715 1618 776 δι’
1647 715 1888 793 εὖηθίην·

278 806 356 869 ὥς
395 807 456 867 δὲ
494 810 593 868 τοῦ
628 805 847 885 χρόνου-
869 805 1277 882 προβαίνοντος
1305 803 1630 880 Καμβύσης
1660 830 1722 866 τε
1758 803 1888 866 οἷπέ-

279 894 418 955 θανε
458 894 550 954 καὶ
586 898 664 972 τῷ
689 892 874 974 Μάγῳ
901 893 1292 967 ἐπανέστησαν
1319 895 1373 951 οῖ
1400 890 1555 962 ἑπτὰ,
1573 892 1665 950 καὶ
1692 897 1752 952 ἐκ
1777 896 1887 954 τῶν

281 982 423 1043 ἔπη-ἂ
480 985 718 1060 Δαρεῖος
767 981 874 1057 τὴν
913 981 1232 1057 βασιληίην
1274 981 1428 1058 ἔσχε,
1471 979 1806 1040 πυνθάνεται
1849 977 1905 1041 εἶ’

281 1072 559 1134 Συλοσῶν
584 1069 655 1134 ῶς
680 1068 719 1146 ἦ
744 1069 1030 1145 βασιληίη
1055 1066 1456 1145 περιεληλύθοι
1483 1072 1539 1128 ἐς
1563 1070 1761 1127 τοῦτον
1785 1068 1884 1127 τὸν

275 1148 474 1235 ἄνδρα,
501 1162 579 1238 τῷ
605 1159 732 1217 κοτὲ
758 1155 924 1219 αύτός
961 1155 1126 1214 ἔδωκε
1158 1159 1219 1215 ἐν
1245 1153 1511 1234 Αἰγύπτῳ
1538 1152 1784 1229 δεηθέντι
1808 1155 1876 1214 vd

205 1295 212 1299 .
278 1246 429 1322 εἷμα·
472 1246 693 1322 ἀναβὰς
723 1245 784 1304 δὲ
816 1249 873 1308 ἐς
900 1243 973 1304 τιὶ
1014 1244 1212 1307 Σοῦσα
1246 1243 1392 1313 ἵζετο
1434 1246 1490 1304 ἐς
1520 1240 1593 1299 τὰ
1630 1241 1884 1319 πρόθυρα

272 1336 388 1393 τῶν
427 1334 710 1408 βασιλέος
760 1331 960 1401 οἰκίων,
1009 1330 1103 1389 καὶ
1154 1331 1266 1406 ἔφη
1313 1329 1554 1405 Δαρείου
1597 1326 1884 1409 εὐεργέτης

277 1420 438 1480 εἶναι·
472 1420 744 1502 α’γγέλλει
767 1423 944 1479 ταῦτα
971 1415 1219 1480 οἰκούσας
1244 1415 1277 1477 ὅ
1303 1415 1584 1493 πυλουρὸς
1607 1420 1684 1496 τῷ
1708 1419 1880 1493 βασι-

189 1585 194 1588 ,
273 1509 386 1577 λέῖ,
416 1508 448 1569 ὁ
476 1508 536 1568 δὲ
562 1507 863 1585 θωυμάσας
886 1507 1044 1586 λέγει
1076 1505 1220 1584 πρός
1244 1503 1431 1566 αὐτόν·
1473 1513 1510 1541 “
1530 1504 1625 1563 καὶ
1647 1505 1732 1569 τίς
1760 1509 1882 1567 ἔστι

270 1595 567 1672 Ἑλλήνων
606 1595 909 1677 εὐεργέτης,
936 1591 980 1672 ᾧ
1010 1592 1120 1674 ε’γῶ
1151 1592 1517 1670 προαιδεῦμαι
1541 1593 1743 1652 νεωστὶ
1775 1594 1880 1669 μὲν

269 1682 381 1760 τήν
420 1682 603 1763 ἀρχὴν
642 1685 818 1763 ἔχωνς
861 1681 1191 1757 ἀναβέβηκε
1230 1680 1291 1740 δὲ
1327 1680 1414 1744 τίς
1454 1678 1514 1762 [ἦ
1559 1678 1757 1761 οὐδείς]
1804 1706 1881 1742 κω

268 1771 407 1849 παρ’
448 1771 625 1848 ἡμέας
668 1770 880 1840 αύτῶνς
937 1770 1048 1848 ἔχω
1088 1769 1149 1827 δὲ
1194 1768 1360 1847 χρέος
1400 1767 1472 1832 ῶς
1513 1771 1684 1828 εἰπεῖν
1723 1767 1880 1829 οὐδὲν

268 1858 475 1936 ἅνδρός
499 1859 803 1936 Ἕλληνος.
870 1857 1020 1935 ὅμως
1045 1856 1108 1916 δὲ
1131 1854 1302 1917 αύτὸν
1327 1855 1608 1936 παράγετε
1635 1856 1761 1925 ἔσω,
1790 1857 1881 1916 ἵνα

268 1947 428 2007 εἰδέω
466 1949 529 2007 τί
564 1948 742 2008 θέλων
780 1947 937 2027 λέγει
975 1942 1205 2006 vafre-a?
1270 1948 1494 2056 παρῆγε
1529 1943 1562 2003 ὅ
1601 1943 1880 2021 πυλουρὸς

265 2061 374 2095 τον
415 2035 777 2100 Συλοσῶντα·
830 2032 1048 2095 στάντα
1087 2033 1149 2092 δὲ
1202 2037 1260 2096 ἐς
1303 2033 1485 2109 μέσον
1527 2030 1779 2109 εἰρώτευν
1823 2035 1879 2092 οἱ

265 2124 532 2200 ερμηνέες
567 2123 654 2188 τίς
686 2147 751 2184 τε
785 2122 887 2198 εἴη,
917 2122 1010 2181 καὶ
1038 2121 1104 2182 τί
1131 2118 1376 2195 ποιήσας
1413 2118 1702 2225 ευεργέτης
1728 2119 1877 2196 φησὶ

265 2211 415 2271 εἶναι
437 2212 751 2288 βασιλέος·
736 2256 753 2281 ,
796 2211 919 2270 εἶπε
951 2235 1027 2269 ων
1057 2208 1090 2269 ὅ
1125 2210 1399 2274 Συλοσῶν
1427 2205 1614 2267 πάντα
1646 2206 1718 2265 τοὶ
1748 2208 1877 2283 περὶ

262 2297 380 2375 τήν
421 2299 664 2379 χλανίδα
707 2298 997 2381 γενόμενα,
1039 2297 1134 2356 καὶ
1175 2320 1249 2359 ως
1294 2319 1461 2358 αυτος
1503 2295 1588 2370 εἵη
1629 2296 1804 2357 κεῖνος
1842 2320 1876 2354 ο

264 2385 419 2450 δούς·
459 2386 757 2464 α’μείβεται
794 2387 935 2464 πρὸς
967 2389 1148 2445 ταῦτα
1188 2387 1444 2460 Δαρεῖος·
1495 2380 1593 2440 “ῶ
1630 2380 1874 2460 γενναιό-

260 2500 405 2535 τατε
428 2474 659 2553 ανδρῶν,
676 2501 753 2535 συ
779 2478 956 2538 κεῖνος
982 2473 1036 2532 εἴ
1058 2471 1122 2536 ὃς
1148 2472 1272 2548 ἐμοὶ
1299 2469 1616 2546 ούδεμίαν”
1588 2468 1776 2547 εχοντί
1798 2495 1876 2528 κω

263 2562 502 2640 δύναμιν
542 2563 760 2632 ἔδωκας,
804 2567 853 2622 εἰ
889 2562 981 2621 καὶ
1016 2558 1265 2639 σμικροί,
1308 2558 1440 2620 ἀλλ’
1473 2557 1547 2617 ῶν
1590 2557 1690 2631 ἴση
1728 2582 1796 2637 γε
1830 2557 1870 2634 ἤ

258 2649 432 2731 χάρις
462 2650 665 2728 ὁμοίως
705 2649 779 2714 ὥς
804 2653 852 2709 εἰ
877 2653 976 2710 νῦν
1003 2649 1166 2710 κοθέν
1189 2673 1248 2707 τι
1271 2648 1420 2728 μέγα
1447 2646 1711 2723 λάβοιμι·
1753 2643 1872 2705 ἀνθ’

259 2736 348 2799 ὦν
384 2764 473 2799 τοι
511 2737 729 2818 χρυσόν
760 2738 853 2797 καὶ
884 2735 1128 2819 ἄργυρον
1159 2734 1405 2796 ἄπλετον
1437 2734 1647 2813 δίδωμι,
1681 2731 1753 2797 ὦς
1789 2732 1874 2810 μή

259 2827 401 2886 κοτέ
436 2852 527 2887 τοι
564 2825 949 2903 μεταμελήσει
989 2827 1233 2902 Δαρεῖον
1270 2823 1371 2883 τόν
1408 2821 1764 2884 ’Ὑστάσπεος
1811 2846 1871 2880 ευ

256 2914 604 2991 ποιήσαντι·’
672 2915 831 2995 λέγει
867 2912 1011 2991 πρὸς
1046 2915 1227 2972 ταῦτα
1265 2909 1300 2969 ὅ
1341 2911 1634 2975 Συλοσῶν·
1689 2918 1726 2944 “
1743 2908 1866 2984 ε’μοὶ

253 2999 411 3082 μήτε
443 3001 677 3083 χρυσόν,
714 3000 758 3061 ὦ
789 3002 1060 3078 βασιλεῦ,
1086 2996 1233 3075 μήτε
1265 2994 1507 3076 ἄργυρον
1537 2995 1708 3063 δίδου,
1736 2993 1870 3053 ἀλλ’

251 3088 702 3167 ἀνασωσάμενός
735 3113 837 3167 μοι
872 3088 967 3151 δός
990 3086 1096 3161 τὴν
1119 3083 1361 3160 πατρίδα
1388 3082 1597 3159 Σάμον,
1623 3081 1728 3158 τήν
1754 3084 1868 3152 νῦν,

252 3179 547 3256 ἐδελφεου
585 3181 688 3239 τοῦ
729 3179 865 3253 ε’μοῦ
903 3170 1302 3250 Πολυκράτεος
1341 3168 1740 3231 ἀποθανόντος
1756 3167 1868 3228 ύπο

250 3266 603 3343 Ὀροίτεω,”
573 3291 689 3345 εχει
714 3265 916 3326 δοῦλος
938 3261 1227 3340 ἡμέτερος·
1267 3257 1474 3335 ταύτην
1497 3282 1596 3335 μοι
1622 3253 1776 3318 δυς”
1739 3281 1869 3316 ανευ
