2184 3517
270 117 556 181 200—203]
851 117 1305 169 MEAIIOMENH.
1787 121 1881 168 361

271 197 628 278 χρήσασθαι·
655 193 760 272 τῆν
785 196 845 256 δὲ
865 195 1175 278 ὁμολογίην
1195 201 1480 258 ἐποιεῦντο
1499 197 1717 274 τοιήνδε
1740 198 1883 271 τινὰ,

273 286 368 347 ἐπὶ
399 288 501 361 τῆς
541 287 786 362 κρυπτῆς
818 284 1040 361 τάφρου
1075 284 1377 362 τάμνοντες
1411 284 1589 362 ὅρκια·
1633 287 1687 350 ἔς
1724 285 1773 345 τ’
1816 284 1885 347 ἂν

271 374 310 449 ἦ
345 377 422 454 γῆ
460 374 600 449 αὕτη
634 372 776 433 οὕτω
814 374 931 452 ἔχῃ,
971 375 1158 450 μένειν
1193 374 1259 433 τι)
1298 373 1484 451 ὅρκιον
1513 373 1653 433 κατὰ
1679 374 1881 453 χώρην,

273 462 368 521 καὶ
408 461 721 539 Βαρκαίους
740 487 821 529 Ἴτε
862 461 1184 523 ὑποτελέειν
1227 462 1401 537 φάναι
1444 461 1604 538 οἷξίην
1643 464 1886 538 βασιλέϊ

274 550 367 609 καὶ
404 550 647 626 Πέρσας
671 549 844 625 μηδὲν
878 547 1029 609 ἄλλο
1060 555 1338 630 νεοχμοῦν
1375 550 1517 609 κατὰ
1552 549 1881 628 Βαρκαίους·

270 637 417 713 μετὰ
453 637 512 696 δὲ
545 634 613 699 τὸ
651 635 856 713 ὅρκιον,
886 641 1160 716 Βαρκαῖοι
1195 641 1298 716 μὲν
1329 639 1734 701 πιστεύσαντες
1759 636 1883 697 τού-

274 750 433 784 τοισι
467 724 632 784 αὐτοί
661 750 724 785 τε
756 723 987 801 ἐξήῖσαν
1015 731 1075 787 εἰ(
1108 731 1208 786 τοῦ
1236 725 1439 790 ἄστεος
1466 726 1558 786 καὶ
1582 730 1692 786 τῶν
1716 730 1885 785 πολε-

268 813 415 889 μίων
449 813 549 872 ἔων
583 813 839 889 παριέναι
866 819 921 877 ἐς
947 814 1014 875 τό
1041 819 1228 893 τεῖχος
1258 813 1357 875 τᾶν
1388 814 1759 892 βουλόμενον,
1785 813 1885 877 τᾶς

271 899 458 963 πύλας
475 900 664 963 πάσας
683 900 1014 971 ἀνοίξαντες·
1045 907 1099 962 οἱ
1120 901 1189 963 δὲ’
1201 903 1424 980 Πέρσαι
1448 903 1885 980 καταρρήξαντες

270 987 377 1065 τῆν
397 986 646 1066 κρυπτὴν
663 990 917 1070 γέφυραν
939 993 1094 1052 ἔθεον
1121 993 1232 1051 ἔσω
1259 996 1314 1055 ἐς
1339 990 1405 1051 τὰ
1431 994 1636 1070 τεῖχος.
1695 993 1884 1068 κατέρ-

269 1077 447 1154 ρηξαν
473 1076 533 1135 δὲ
557 1077 718 1138 τοῦδε
747 1078 926 1139 εἵνεκα
950 1079 1056 1157 τῆν
1082 1081 1358 1156 ἐποίησαν
1375 1080 1645 1161 γέφυραν,
1675 1079 1763 1139 ἵνα
1791 1085 1881 1156 ἔμ-

270 1165 624 1243 πεδορκέοιεν
648 1167 917 1243 ταμόντες
936 1173 1090 1230 τοῖσι
1111 1168 1448 1246 Βαρκαίοισι
1467 1166 1672 1246 χρόνον
1697 1169 1884 1243 μένειν

271 1253 382 1312 αἰεὶ
406 1252 473 1313 τὰ
500 1252 687 1331 ὅρκιον
715 1253 855 1316 ὅσον
881 1255 950 1317 ἂν
976 1256 1016 1333 ἦ
1041 1262 1118 1339 γῆ
1138 1258 1279 1336 μένῃ
1313 1255 1454 1316 κατοὶ
1480 1254 1552 1314 τσῖ
1579 1255 1708 1315 τότε
1745 1255 1879 1335 εἶχε·

271 1342 656 1419 καταρρήξασι
682 1342 742 1424 δὲ
769 1344 950 1404 οὐκέτι
979 1347 1136 1423 ἔμενε
1161 1344 1227 1406 τὸ
1257 1344 1445 1421 ὅρκιον
1472 1342 1614 1404 κατὰ
1639 1342 1844 1421 χώρην.

353 1429 500 1493 Τοῦς
543 1431 647 1507 μέν
678 1456 775 1492 νυν
810 1433 1165 1497 αἰτιωτάτους
1198 1436 1308 1493 τῶν
1344 1431 1639 1508 Βαρκαίων
1669 1430 1707 1506 ἦ
1742 1440 1842 1490 Φε-
1859 1435 1977 1492 202

268 1519 489 1595 ρετίμη,
531 1520 656 1579 ε’πεί
693 1545 757 1579 τε
803 1524 857 1581 οἱ
900 1527 960 1582 ἐκ
1008 1527 1119 1583 τῶν
1161 1521 1430 1598 Περσέων
1471 1520 1883 1598 παρεδόθησαν,

272 1603 690 1667 ἀνεσκολόπισε
728 1608 911 1690 κύκλῳ
940 1615 1043 1670 τοῦ
1075 1612 1304 1690 τείχεος,
1330 1613 1440 1670 τῶν
1467 1609 1530 1668 δέ
1560 1615 1673 1684 σφι
1698 1635 1881 1687 γυναι-

274 1698 386 1754 κῶν
410 1696 538 1760 τσὺς
557 1695 766 1773 μαζοῦς
786 1696 1167 1777 ἀποταμοῦσα
1186 1698 1500 1777 περιέστιξε
1522 1697 1613 1757 καὶ
1631 1697 1884 1758 τούτοισι

271 1780 339 1844 τό
385 1785 589 1862 τεῖχος·
647 1783 778 1848 τούς
821 1785 881 1845 δὲ
927 1786 1163 1850 λοιποῦς
1213 1790 1324 1848 τῶν
1376 1786 1666 1863 Βαρκαίων
1718 1786 1886 1862 ληίην

272 1870 539 1931 ε’κέλευσε
565 1871 768 1932 θέσθαι
791 1873 922 1939 τούς
941 1876 1192 1953 Πέρσας,
1212 1873 1366 1951 πλὴν
1386 1873 1516 1934 ὅσοι
1536 1871 1715 1933 αὐτῶν
1734 1872 1886 1948 ἦσαν

273 1957 579 2017 Βαττιάδαι
612 1985 674 2019 τε
712 1962 806 2021 καὶ
835 1966 938 2023 τοῦ
978 1964 1158 2040 φόνου
1194 1962 1261 2022 οὗ
1293 1963 1588 2040 μεταίτιοι·
1631 1960 1887 2022 τούτοισι

273 2047 335 2106 δὲ
358 2047 464 2123 τήν
490 2048 661 2110 πόλιν
688 2052 955 2131 ἐπέτρεψε
982 2052 1021 2128 ἦ
1049 2051 1346 2129 Φερετίμη.

353 2136 499 2200 Τοῦς
539 2135 613 2198 ὧν
655 2138 723 2215 δὴ
764 2140 1000 2204 λοιποῦς
1032 2144 1144 2200 τῶν
1189 2139 1483 2216 Βαρκαίων
1526 2141 1580 2198 οἱ
1622 2139 1847 2215 Πέρσαι
1864 2141 1983 2198 203

273 2221 817 2304 ἀνδραποδισάμενοι
845 2227 1105 2307 α’πῄεσαν
1126 2227 1327 2288 ὀπίσω·
1357 2227 1449 2286 καὶ
1476 2228 1601 2286 ε’πεί
1620 2253 1683 2286 τε
1705 2229 1797 2286 ἐπὶ
1815 2231 1887 2305 τῇ

273 2315 604 2389 Κυρηναίων
656 2315 796 2375 πόλι
853 2317 1190 2393 ἐπέστησαν,
1237 2318 1291 2375 οἳ
1337 2316 1645 2392 Κυρηναίοι
1690 2313 1892 2396 λόγιόν

271 2427 328 2460 τι
373 2400 771 2480 οἷποσιεύμενοι
813 2404 1070 2481 διεξῆκαν
1119 2403 1319 2466 ath-013³
1367 2403 1457 2462 διοὶ
1503 2406 1607 2462 τοῦ
1664 2402 1885 2467 ἄστεος·

273 2487 587 2567 διεξιούσης
622 2492 680 2551 δὲ
711 2497 812 2568 τῆς
848 2497 1132 2571 στρατιῆς,
1170 2491 1392 2568 Βάδρης
1425 2492 1530 2567 μὲν
1558 2490 1590 2550 ὅ
1622 2496 1724 2551 τοῦ
1763 2518 1888 2552 ναυ-

270 2581 429 2636 τικοῦ
455 2583 704 2656 στρατοῦ
731 2580 1049 2663 στρατηγός
1082 2581 1300 2640 ἐκέλευε
1328 2579 1531 2656 αἱρέειν
1557 2577 1661 2653 τήν
1699 2579 1886 2648 πόλιν,

266 2668 518 2742 Ἀμασις
562 2667 622 2726 δὲ
664 2666 696 2728 ὅ
737 2673 839 2730 τοῦ
888 2670 1058 2740 πεζοῦ
1102 2667 1201 2728 οὐκ
1243 2669 1323 2727 ἔα·
1366 2665 1459 2726 ἐπὶ
1506 2664 1732 2744 Βάρκην
1776 2666 1888 2749 γὰρ

272 2751 671 2831 ἀποσταλῆναι
698 2756 910 2834 μούνην
944 2756 1255 2833 Ἑλληνίδα
1287 2754 1480 2815 πόλιν·
1531 2757 1585 2817 ἐς
1617 2753 1650 2814 ὃ
1682 2755 1887 2824 διεξελ-

273 2842 441 2902 θοῦσι
485 2844 576 2902 καὶ
609 2845 915 2923 ἱζομένοισι
951 2847 1043 2905 ε’πὶ
1078 2845 1215 2910 Διὸς
1241 2844 1488 2904 Λυκαίου
1523 2841 1698 2921 ὄχθον
1730 2869 1888 2920 μετε-

270 2931 498 3007 μέλησέ
528 2938 642 3008 σφι
679 2932 746 2992 οὕ
773 2938 989 3013 σχοῦσι
1023 2934 1129 3010 τῆν
1166 2932 1444 3011 Κυρήνην,
1475 2933 1566 2992 καὶ
1592 2936 1888 3008 ἐπειρῶντο

270 3017 339 3079 τὰ
372 3018 627 3099 δεύτερον
666 3024 922 3100 παριέναι
957 3028 1012 3086 ἐς
1051 3022 1241 3099 αύτήν·
1286 3026 1340 3081 οἱ
1373 3022 1433 3082 δὲ
1467 3023 1775 3098 Κυρηναῖοι
1821 3020 1888 3079 οὗ

271 3107 592 3185 περιῶρεον.
673 3114 826 3170 τοῖσι
863 3111 922 3169 δὲ
964 3112 1249 3190 Πέρσῃσι,
1287 3109 1505 3173 οὐδενὸς
1539 3108 1884 3187 μαχομένου,

272 3193 464 3271 φόβος
521 3198 766 3258 ε’νέπεσε·
836 3197 1252 3278 ἀποδραμόντες
1305 3223 1366 3259 τε
1421 3197 1560 3259 ὅσον
1615 3194 1884 3272 ἑξήκοντα

272 3281 495 3355 στάδια,
538 3285 739 3356 ἵζοντο·
797 3287 1069 3365 ἱδρυθέντι
1111 3287 1170 3347 δὲ
1200 3290 1279 3366 τῷ
1311 3284 1674 3365 στρατοπέδῳ
1708 3282 1884 3361 ταύτῃ

399 3450 419 3469 q
