2184 3517
245 117 534 183 ιιι-117]
869 100 875 107 ’
942 118 1170 169 mm.
1788 121 1854 170 59

243 198 357 275 μέν
393 221 491 258 νυν
529 194 702 256 ἄλλοι
738 195 933 261 παῖδες
968 196 1042 258 vd
1083 196 1504 274 ἐπιτασσόμενα
1541 197 1852 270 ἐπετέλεον,

244 282 413 348 οὗτος
443 286 503 344 δὲ
539 282 880 362 ἀνηκούστεέ
909 310 972 346 τε
1008 285 1103 344 καὶ
1137 284 1314 366 λόγον
1344 284 1460 362 εἶχε
1492 282 1704 356 οὐδένα,
1732 289 1790 348 ἐς
1817 284 1852 347 ὃ

244 373 430 449 ἔλαβε
468 372 575 448 τήν
613 373 790 449 δίκην·
831 377 881 433 εἰ
919 371 994 434 ὧν
1033 372 1105 449 δή
1144 373 1308 434 τοῦδε
1347 372 1529 432 εἵνεκα
1566 371 1719 442 ἄξιός
1757 398 1853 433 τευ

244 462 422 519 κακοῦ
454 461 584 537 εἰμὶ,
611 459 705 520 ὅδε
732 486 825 523 τοι
852 460 1100 539 πάρειμι.
1099 460 1131 480 ”
1197 464 1386 522 Ταῦτα
1416 461 1697 567 λέγοντος.
1710 465 1811 521 τοῦ
1833 464 1945 523 116

240 547 463 618 παιδός,
498 547 597 609 τᾶν
628 547 946 630 Ἀστυάγεα
984 547 1144 627 ἐσῄει
1177 547 1487 629 ἀνάγνωσις
1527 546 1720 608 αὐτοῦ·
1760 550 1858 609 καί

243 637 301 694 οἱ
320 634 357 694 ὅ
373 661 437 696 τε
460 635 751 713 χαρακτὴρ
769 640 871 695 τοῦ
889 661 1199 713 προσ-ωπον
1209 636 1651 713 προσφέρεσθαι
1670 635 1853 697 ἐδόκεε

242 727 305 784 ἐς
339 722 539 783 ἐωυτὸν
568 724 663 782 καὶ
690 747 729 798 η
762 722 1057 801 υπόκρισις
1094 725 1495 801 ἐλευθερωτέρη
1527 722 1685 785 εἶναι·
1725 722 1760 784 ὅ
1787 749 1853 785 τε

239 809 449 888 χρόνος
463 814 565 887 τῆς
590 811 842 874 ἐκθέσιος
864 816 937 890 τῇ
955 810 1149 892 ἡλικίῃ
1165 815 1265 872 τοῦ
1289 810 1488 875 παιδός
1507 811 1690 872 ἐδόκεε
1707 837 1851 889 συμ·

238 899 484 974 βαίνειν.
553 899 852 980 ἐκπλαγεὶς
881 900 942 958 δὲ
975 898 1244 970 τούτοισι,
1277 899 1371 960 ἐπὶ
1399 899 1603 978 χρόνον
1634 897 1851 982 ἄφθογ-

237 1010 349 1065 γος
389 984 479 1062 ἦν·
532 986 699 1066 μόγις
737 987 798 1046 δὲ
841 985 911 1062 δή
951 992 1083 1047 κοτε
1103 985 1454 1066 ,ἀνενειχθεὶς
1496 986 1631 1058 εἶπε,
1673 988 1853 1049 θέλων

241 1075 529 1151 ἐκπέμψαι
557 1074 658 1135 τόν
680 1072 1131 1153 Ἀρτεμβάρεα’
1105 1100 1195 1134 ινα
1217 1074 1316 1136 τόν
1340 1074 1624 1150 βουκόλον
1645 1079 1853 1151 μοῦνον

237 1161 447 1237 λαβων
470 1164 787 1242 βασανίσῃ·
820 1172 856 1199 “
868 1162 1324 1240 Ἀρτέμβαρες,’
1298 1188 1407 1243 εγω
1428 1165 1606 1221 ταῦτα
1630 1161 1853 1237 ποιήσω

238 1247 395 1308 ὥστε
420 1253 490 1310 σὲ
514 1252 607 1310 καὶ
624 1250 726 1311 τᾶν
742 1250 917 1310 παῖδα
941 1250 1040 1311 τόν
1065 1249 1174 1310 σὸν
1191 1249 1363 1327 μηδεν
1382 1248 1853 1327 ἐπιμέμφεσθαι.υ

193 1382 201 1386 >
236 1335 347 1396 τᾶν
367 1339 473 1414 μὲν
499 1338 568 1415 δὴ
592 1337 986 1416 Ἀρτεμβάρεα
1010 1338 1238 1414 πέμπει·
1278 1336 1380 1396 τὸν
1403 1335 1463 1395 δὲ
1495 1333 1748 1414 Κῦρον’
1710 1361 1853 1417 ηγον

238 1424 357 1484 ἔσω
376 1429 432 1484 οἶ
451 1426 801 1502 θεράποντες,
824 1425 1192 1488 κελεύσαντος
1210 1427 1312 1485 τοῦ
1329 1423 1688 1506 Ἀστυάγεος.
1730 1424 1852 1485 ἐπεὶ

236 1511 305 1571 δὲ
342 1511 715 1574 ὖπελέλειπτο
754 1513 788 1574 6
822 1512 1107 1591 βουκόλος
1141 1515 1362 1589 μοῦνος,
1394 1513 1744 1590 μουνωθέντα
1778 1511 1849 1589 δὴ

236 1598 413 1661 uffa-dv
432 1602 609 1678 εἴρετο
634 1600 668 1661 6
681 1600 1026 1682 -Ἀστυάγης,
1050 1600 1213 1660 κόθεν
1237 1599 1417 1677 λάβοι
1440 1600 1541 1660 τὸν
1558 1600 1732 1660 παῖδα
1757 1601 1850 1659 καὶ

196 1756 207 1767 ,
233 1689 326 1750 τίς
350 1689 436 1764 εἴη
461 1688 495 1748 6
520 1689 837 1766 παραδούς;
878 1688 911 1748 6
937 1689 998 1748 δὲ
1024 1687 1087 1758 ἐξ
1112 1692 1312 1748 ἑωυτοῦ
1336 1713 1400 1747 τε
1426 1687 1536 1763 ἔφη
1560 1690 1850 1769 γεγονέναι

236 1776 336 1834 καὶ
358 1776 462 1851 τὴν
485 1780 761 1837 τεκοῦσαν
786 1775 957 1837 αὖτόν
983 1776 1062 1836 ἔτι
1087 1775 1229 1836 εἶναι
1253 1773 1383 1853 παρ’
1410 1778 1605 1853 ἑωυτῷ·
1645 1774 1847 1836 Ἀστυ-

234 1862 380 1943 ἀγης
406 1864 470 1924 δέ
497 1888 594 1940 μιν
618 1863 718 1923 οὔκ
752 1862 813 1923 εὖ
836 1862 1221 1940 βουλεύεσθαι
1255 1863 1366 1939 ἔφη
1393 1862 1761 1939 ἐπιθυμέοντα
1792 1866 1849 1927 ἐς

232 1949 485 2033 ἀνάγκας
507 1951 762 2033 μεγάλας
792 1950 1174 2012 ἀπικνέεσθαι·
1214 1949 1334 2028 ἅμα
1363 1975 1427 2011 τε
1453 1951 1635 2030 λέγων
1666 1953 1844 2012 ταῦτα

221 2038 510 2116 ’ἐσήμαινε
542 2043 696 2100 τοῖσι
732 2037 1098 2117 δορυφόροισι
1133 2038 1453 2116 λαμβάνειν
1486 2036 1672 2098 αὐτόν·
1714 2037 1748 2098 6
1788 2039 1849 2099 δὲ

229 2125 511 2206 ἀγόμενος
541 2133 598 2190 ἐς
631 2127 733 2189 τοὶς
768 2125 1027 2208 ἀνάγκας,
1055 2125 1198 2186 οὕτω
1233 2125 1302 2201 δή
1329 2128 1521 2202 ἔφαινε
1553 2125 1653 2186 τόν
1683 2125 1845 2186 ἐόντα

228 2213 430 2295 λόγον,
464 2214 772 2293 ἀρχόμενος
811 2215 872 2274 δὲ
911 2213 1006 2274 ἀπ’
1032 2213 1212 2293 ἀρχῆς
1251 2212 1477 2322 διεξῄει
1492 2216 1565 2291 τῇ
1600 2212 1846 2292 ἀληθηιῃ

225 2301 562 2381 χρεώμενος,
590 2303 691 2362 καὶ
710 2303 1057 2379 κατέβαινε’
1033 2327 1088 2364 ες
1111 2299 1274 2365 λιτάς
1296 2325 1360 2361 τε
1387 2299 1481 2359 καὶ
1506 2324 1845 2380 συγγνωμην

226 2394 416 2469 ἑωυτῷ
441 2390 735 2450 κελεύων”’
706 2415 852 2469 εχειν
877 2389 1063 2450 αὖτόν.

310 2477 634 2561 Ἀστυάγης
669 2479 746 2550 δὲ,
781 2483 883 2539 τοῦ
920 2480 1026 2555 μὲν
1061 2473 1351 2554 βουκόλου
1384 2473 1489 2551 τὴν
1523 2472 1801 2551 ἀληθηΐην
1822 2476 1962 2556 11¹7>

224 2565 595 2646 ἐκφήναντος,
611 2566 788 2650 λόγον
803 2566 912 2643 ἤδη
932 2567 1025 2626 καὶ
1045 2564 1277 2626 ἐλάσσω
1293 2564 1561 2625 ἐποιέετο·
1575 2562 1841 2644 Ἀρπάγῳ

222 2654 292 2712 δὲ
337 2656 433 2713 καὶ
485 2654 744 2736 μεγάλως
791 2652 1172 2732 μεμφόμενος,
1219 2654 1443 2713 καλέειν
1491 2650 1660 2713 αὖτόν
1710 2651 1840 2715 τοῦς

204 2741 580 2820 ’δορυφόρους
622 2745 859 2803 ἐκέλευε.
942 2769 1014 2806 ως
1053 2742 1119 2802 δέ
1156 2745 1212 2802 οἱ
1246 2746 1435 2820 παρῆν
1470 2740 1503 2802 6
1529 2739 1839 2822 Αρπαγος,

200 2830 411 2909 ἐἴρετό
430 2848 532 2911 μιν
558 2831 589 2891 6
613 2830 952 2913 Ἀστυάγης·
984 2830 1305 2913 ’(Ἀρπαγε,
1331 2831 1437 2910 τέω
1466 2828 1533 2905 δη
1558 2830 1715 2907 μόρω
1738 2827 1840 2888 τόν

198 2920 439 2995 ’παῖδα
428 2921 805 2998 κατεχρήσαο
825 2919 948 3026 ’,τόν
989 2945 1080 2980 τοι
1123 2920 1417 2998 παρέδωκα
1462 2923 1523 2977 ἐκ
1566 2915 1841 2996 θυγατρδς

196 3007 503 3089 ’γεγονότα
525 3012 629 3085 τῆς
654 3012 823 3084 ἐμῆς·
809 3052 826 3077 ,
825 3006 922 3066 ”6
950 3006 1047 3068 83⁹
1049 3013 1318 3087 Αρπαγος
1344 3031 1414 3068 ως
1442 3005 1551 3064 εἶδε
1575 3003 1676 3063 τὸν
1699 3003 1838 3078 βου-

217 3096 402 3155 κόλον
426 3095 634 3156 ἔνδον’
609 3094 786 3166 εόντα,
820 3121 885 3154 ου
917 3094 1179 3172 τρέπεται
1212 3094 1304 3152 ἐπὶ
1335 3091 1541 3168 ψευδέα
1573 3088 1775 3160 ὀδᾶν,’
1748 3115 1839 3150 ινα

215 3183 304 3261 μὴ
358 3181 733 3264 ἐλεγχόμενος
772 3182 1095 3258 ἁλίσκηται·
1141 3178 1299 3239 ἀλλά
1341 3179 1504 3258 λέγει
1541 3176 1693 3237 τάδε·
1743 3186 1779 3213 “
1794 3176 1840 3237 ὦ

217 3271 499 3346 βασιλεῦ,
534 3271 661 3329 ἐπεί
687 3295 751 3329 τε
785 3268 1121 3346 παρέλαβον
1153 3265 1221 3327 τὸ
1255 3264 1493 3335 παιδίον,
1530 3263 1839 3340 ἐβούλευον
