<?xml version="1.0" encoding="UTF-8"?>
<!DOCTYPE html PUBLIC "-//W3C//DTD XHTML 1.0 Transitional//EN"
    "http://www.w3.org/TR/xhtml1/DTD/xhtml1-transitional.dtd">
<html xmlns="http://www.w3.org/1999/xhtml" xml:lang="en" lang="en">
 <head>
  <title>
</title>
<meta http-equiv="Content-Type" content="text/html;charset=utf-8" />
  <meta name='ocr-system' content='tesseract 3.04.00' />
  <meta name='ocr-capabilities' content='ocr_page ocr_carea ocr_par ocr_line ocrx_word'/>
</head>
<body>
  <div class='ocr_page' id='page_1' title='image "./herodotus02unkngoog_0207.png"; bbox 0 0 2184 3517; ppageno 0'>
   <div class='ocr_carea' id='block_1_1' title="bbox 202 128 1914 3358">
    <p class='ocr_par' dir='ltr' id='par_1_1' title="bbox 202 128 1872 1777">
     <span class='ocr_line' id='line_1_1' title="bbox 215 128 1806 196; baseline 0.001 -14"><span class='ocrx_word' id='word_1_1' title='bbox 215 129 492 196; x_wconf 82' lang='lat'>155—158]</span> <span class='ocrx_word' id='word_1_2' title='bbox 861 130 1188 181; x_wconf 72' lang='lat' dir='ltr'>mama.</span> <span class='ocrx_word' id='word_1_3' title='bbox 1710 128 1806 183; x_wconf 77' lang='lat'>18⁷</span> 
     </span>
     <span class='ocr_line' id='line_1_2' title="bbox 215 206 1812 290; baseline -0.001 -20"><span class='ocrx_word' id='word_1_4' title='bbox 215 209 404 288; x_wconf 78' lang='grc' dir='ltr'>ἅφορα</span> <span class='ocrx_word' id='word_1_5' title='bbox 443 206 656 269; x_wconf 81' lang='grc' dir='ltr'>πολλοί·</span> <span class='ocrx_word' id='word_1_6' title='bbox 702 206 880 290; x_wconf 83' lang='grc' dir='ltr'>λόγον</span> <span class='ocrx_word' id='word_1_7' title='bbox 916 207 979 267; x_wconf 81' lang='grc' dir='ltr'>δὲ</span> <span class='ocrx_word' id='word_1_8' title='bbox 1014 207 1177 269; x_wconf 80' lang='grc' dir='ltr'>τόνδε</span> <span class='ocrx_word' id='word_1_9' title='bbox 1216 208 1570 289; x_wconf 75' lang='grc' dir='ltr'>ἐπιλέγοντες</span> <span class='ocrx_word' id='word_1_10' title='bbox 1612 209 1669 268; x_wconf 79' lang='grc' dir='ltr'>οἶ</span> <span class='ocrx_word' id='word_1_11' title='bbox 1713 209 1812 269; x_wconf 79' lang='grc' dir='ltr'>ΑΣ-</span> 
     </span>
     <span class='ocr_line' id='line_1_3' title="bbox 214 292 1815 378; baseline -0.001 -22"><span class='ocrx_word' id='word_1_12' title='bbox 214 296 435 378; x_wconf 74' lang='grc' dir='ltr'>γύπιοι</span> <span class='ocrx_word' id='word_1_13' title='bbox 467 294 617 371; x_wconf 83' lang='grc' dir='ltr'>φασὶ</span> <span class='ocrx_word' id='word_1_14' title='bbox 658 293 798 355; x_wconf 81' lang='grc' dir='ltr'>εἶναι</span> <span class='ocrx_word' id='word_1_15' title='bbox 837 292 1010 370; x_wconf 73' lang='grc' dir='ltr'>αὐτὴν</span> <span class='ocrx_word' id='word_1_16' title='bbox 1047 295 1296 370; x_wconf 88' lang='grc' dir='ltr'>πλωτήν·</span> <span class='ocrx_word' id='word_1_17' title='bbox 1340 293 1412 359; x_wconf 78' lang='grc' dir='ltr'>ὥς</span> <span class='ocrx_word' id='word_1_18' title='bbox 1451 299 1510 355; x_wconf 89' lang='grc' dir='ltr'>ἐν</span> <span class='ocrx_word' id='word_1_19' title='bbox 1547 297 1620 374; x_wconf 80' lang='grc' dir='ltr'>τῇ</span> <span class='ocrx_word' id='word_1_20' title='bbox 1658 294 1815 376; x_wconf 73' lang='grc' dir='ltr'>νήσω</span> 
     </span>
     <span class='ocr_line' id='line_1_4' title="bbox 213 369 1872 462; baseline 0 -18"><span class='ocrx_word' id='word_1_21' title='bbox 213 383 384 461; x_wconf 86' lang='grc' dir='ltr'>ταύτῃ</span> <span class='ocrx_word' id='word_1_22' title='bbox 411 382 512 443; x_wconf 79' lang='grc' dir='ltr'>οὐκ</span> <span class='ocrx_word' id='word_1_23' title='bbox 545 382 717 462; x_wconf 80' lang='grc' dir='ltr'>ἐούσῃ</span> <span class='ocrx_word' id='word_1_24' title='bbox 743 383 1016 460; x_wconf 86' lang='grc' dir='ltr'>πρότερον</span> <span class='ocrx_word' id='word_1_25' title='bbox 1039 386 1255 460; x_wconf 77' lang='grc' dir='ltr'>πλωτῇ,</span> <span class='ocrx_word' id='word_1_26' title='bbox 1282 381 1467 458; x_wconf 69' lang='grc' dir='ltr'>Λητώ,</span> <span class='ocrx_word' id='word_1_27' title='bbox 1496 385 1671 443; x_wconf 83' lang='grc' dir='ltr'>ἐοῦσα</span> <span class='ocrx_word' id='word_1_28' title='bbox 1701 380 1814 444; x_wconf 69' lang='grc' dir='ltr'>τῶν</span> <span class='ocrx_word' id='word_1_29' title='bbox 1865 369 1872 384; x_wconf 55' lang='lat'>⁸</span> 
     </span>
     <span class='ocr_line' id='line_1_5' title="bbox 214 469 1815 552; baseline 0.001 -20"><span class='ocrx_word' id='word_1_30' title='bbox 214 471 356 532; x_wconf 76' lang='grc' dir='ltr'>ὄκτῶ</span> <span class='ocrx_word' id='word_1_31' title='bbox 396 472 537 532; x_wconf 79' lang='grc' dir='ltr'>θεῶν</span> <span class='ocrx_word' id='word_1_32' title='bbox 579 473 691 530; x_wconf 77' lang='grc' dir='ltr'>τῶν</span> <span class='ocrx_word' id='word_1_33' title='bbox 731 469 961 547; x_wconf 77' lang='grc' dir='ltr'>πρώτων</span> <span class='ocrx_word' id='word_1_34' title='bbox 999 471 1310 552; x_wconf 79' lang='grc' dir='ltr'>γενομένων</span> <span class='ocrx_word' id='word_1_35' title='bbox 1352 469 1615 530; x_wconf 81' lang='grc' dir='ltr'>οἰκέουσα</span> <span class='ocrx_word' id='word_1_36' title='bbox 1653 471 1717 531; x_wconf 80' lang='grc' dir='ltr'>δὲ</span> <span class='ocrx_word' id='word_1_37' title='bbox 1754 475 1815 533; x_wconf 79' lang='grc' dir='ltr'>ἐν</span> 
     </span>
     <span class='ocr_line' id='line_1_6' title="bbox 214 556 1813 636; baseline 0 -18"><span class='ocrx_word' id='word_1_38' title='bbox 214 562 421 618; x_wconf 82' lang='grc' dir='ltr'>Βουτοῖ</span> <span class='ocrx_word' id='word_1_39' title='bbox 457 556 612 628; x_wconf 88' lang='grc' dir='ltr'>πόλι,</span> <span class='ocrx_word' id='word_1_40' title='bbox 648 557 738 617; x_wconf 81' lang='grc' dir='ltr'>ἴνα</span> <span class='ocrx_word' id='word_1_41' title='bbox 777 556 847 633; x_wconf 89' lang='grc' dir='ltr'>δή</span> <span class='ocrx_word' id='word_1_42' title='bbox 880 560 934 617; x_wconf 83' lang='grc' dir='ltr'>οἶ</span> <span class='ocrx_word' id='word_1_43' title='bbox 972 556 1040 618; x_wconf 82' lang='grc' dir='ltr'>τὸ</span> <span class='ocrx_word' id='word_1_44' title='bbox 1079 556 1425 636; x_wconf 84' lang='grc' dir='ltr'>χρηστήριον</span> <span class='ocrx_word' id='word_1_45' title='bbox 1462 557 1631 619; x_wconf 84' lang='grc' dir='ltr'>τοῦτό</span> <span class='ocrx_word' id='word_1_46' title='bbox 1670 563 1813 633; x_wconf 82' lang='grc' dir='ltr'>ἐστι,</span> 
     </span>
     <span class='ocr_line' id='line_1_7' title="bbox 212 642 1812 723; baseline -0.001 -18"><span class='ocrx_word' id='word_1_47' title='bbox 212 644 550 707; x_wconf 83' lang='grc' dir='ltr'>Ἀπόλλωνα</span> <span class='ocrx_word' id='word_1_48' title='bbox 591 644 744 723; x_wconf 78' lang='grc' dir='ltr'>παριὶ</span> <span class='ocrx_word' id='word_1_49' title='bbox 780 642 962 709; x_wconf 85' lang='grc' dir='ltr'>Ἴσιος</span> <span class='ocrx_word' id='word_1_50' title='bbox 1002 643 1478 722; x_wconf 69' lang='grc' dir='ltr'>παρακαταθήκην</span> <span class='ocrx_word' id='word_1_51' title='bbox 1524 644 1812 723; x_wconf 76' lang='grc' dir='ltr'>δεξαμένη,</span> 
     </span>
     <span class='ocr_line' id='line_1_8' title="bbox 214 731 1815 814; baseline 0.001 -22"><span class='ocrx_word' id='word_1_52' title='bbox 214 733 448 794; x_wconf 81' lang='grc' dir='ltr'>διέσωσε</span> <span class='ocrx_word' id='word_1_53' title='bbox 489 731 895 810; x_wconf 83' lang='grc' dir='ltr'>κατακρύψασα</span> <span class='ocrx_word' id='word_1_54' title='bbox 937 736 996 793; x_wconf 89' lang='grc' dir='ltr'>ἐν</span> <span class='ocrx_word' id='word_1_55' title='bbox 1039 734 1116 811; x_wconf 83' lang='grc' dir='ltr'>τῇ</span> <span class='ocrx_word' id='word_1_56' title='bbox 1156 736 1255 793; x_wconf 81' lang='grc' dir='ltr'>νῦν</span> <span class='ocrx_word' id='word_1_57' title='bbox 1296 735 1497 811; x_wconf 78' lang='grc' dir='ltr'>πλωτῇ</span> <span class='ocrx_word' id='word_1_58' title='bbox 1536 734 1815 814; x_wconf 74' lang='grc' dir='ltr'>λεγομένῃ</span> 
     </span>
     <span class='ocr_line' id='line_1_9' title="bbox 212 816 1813 901; baseline 0.001 -20"><span class='ocrx_word' id='word_1_59' title='bbox 212 821 380 901; x_wconf 75' lang='grc' dir='ltr'>νήσῳ,</span> <span class='ocrx_word' id='word_1_60' title='bbox 425 819 520 881; x_wconf 83' lang='grc' dir='ltr'>ὅτε</span> <span class='ocrx_word' id='word_1_61' title='bbox 565 820 635 896; x_wconf 78' lang='grc' dir='ltr'>δή</span> <span class='ocrx_word' id='word_1_62' title='bbox 676 819 744 882; x_wconf 79' lang='grc' dir='ltr'>τὸ</span> <span class='ocrx_word' id='word_1_63' title='bbox 790 823 906 881; x_wconf 79' lang='grc' dir='ltr'>πᾶν</span> <span class='ocrx_word' id='word_1_64' title='bbox 953 816 1241 897; x_wconf 82' lang='grc' dir='ltr'>διζήμενος</span> <span class='ocrx_word' id='word_1_65' title='bbox 1280 818 1313 880; x_wconf 79' lang='grc' dir='ltr'>ὅ</span> <span class='ocrx_word' id='word_1_66' title='bbox 1346 820 1550 896; x_wconf 67' lang='grc' dir='ltr'>Τυφῶν</span> <span class='ocrx_word' id='word_1_67' title='bbox 1597 823 1813 897; x_wconf 68' lang='grc' dir='ltr'>ἐπῆλθε</span> 
     </span>
     <span class='ocr_line' id='line_1_10' title="bbox 213 905 1812 986; baseline 0 -18"><span class='ocrx_word' id='word_1_68' title='bbox 213 909 389 969; x_wconf 82' lang='grc' dir='ltr'>θέλων</span> <span class='ocrx_word' id='word_1_69' title='bbox 409 908 647 986; x_wconf 76' lang='grc' dir='ltr'>ἐξευρεῖν</span> <span class='ocrx_word' id='word_1_70' title='bbox 671 911 773 969; x_wconf 81' lang='grc' dir='ltr'>τοῦ</span> <span class='ocrx_word' id='word_1_71' title='bbox 796 906 1050 985; x_wconf 83' lang='grc' dir='ltr'>Ὀσίριος</span> <span class='ocrx_word' id='word_1_72' title='bbox 1073 906 1175 967; x_wconf 82' lang='grc' dir='ltr'>τόν</span> <span class='ocrx_word' id='word_1_73' title='bbox 1200 905 1812 969; x_wconf 85' lang='grc' dir='ltr'>παῖδα·-Ἀπόλλωνα</span> 
     </span>
     <span class='ocr_line' id='line_1_11' title="bbox 211 991 1811 1074; baseline 0.002 -20"><span class='ocrx_word' id='word_1_74' title='bbox 211 995 269 1055; x_wconf 84' lang='grc' dir='ltr'>δὲ</span> <span class='ocrx_word' id='word_1_75' title='bbox 299 997 394 1056; x_wconf 82' lang='grc' dir='ltr'>καὶ</span> <span class='ocrx_word' id='word_1_76' title='bbox 423 994 694 1073; x_wconf 78' lang='grc' dir='ltr'>Ἀρτεμιν</span> <span class='ocrx_word' id='word_1_77' title='bbox 728 992 1010 1055; x_wconf 78' lang='grc' dir='ltr'>Διονύσου</span> <span class='ocrx_word' id='word_1_78' title='bbox 1050 994 1145 1054; x_wconf 84' lang='grc' dir='ltr'>καὶ</span> <span class='ocrx_word' id='word_1_79' title='bbox 1172 991 1355 1058; x_wconf 87' lang='grc' dir='ltr'>Ἴσιος</span> <span class='ocrx_word' id='word_1_80' title='bbox 1393 993 1632 1074; x_wconf 87' lang='grc' dir='ltr'>λέγουσι</span> <span class='ocrx_word' id='word_1_81' title='bbox 1672 994 1811 1057; x_wconf 76' lang='grc' dir='ltr'>εἶναι</span> 
     </span>
     <span class='ocr_line' id='line_1_12' title="bbox 208 1079 1809 1163; baseline 0.001 -21"><span class='ocrx_word' id='word_1_82' title='bbox 208 1083 428 1155; x_wconf 84' lang='grc' dir='ltr'>παῖδας,</span> <span class='ocrx_word' id='word_1_83' title='bbox 453 1086 678 1160; x_wconf 81' lang='grc' dir='ltr'>Λητοῦν</span> <span class='ocrx_word' id='word_1_84' title='bbox 711 1082 772 1142; x_wconf 81' lang='grc' dir='ltr'>δὲ</span> <span class='ocrx_word' id='word_1_85' title='bbox 802 1081 1017 1159; x_wconf 74' lang='grc' dir='ltr'>τροφόν</span> <span class='ocrx_word' id='word_1_86' title='bbox 1041 1080 1267 1142; x_wconf 77' lang='grc' dir='ltr'>αὐτοῖσι</span> <span class='ocrx_word' id='word_1_87' title='bbox 1298 1081 1392 1140; x_wconf 84' lang='grc' dir='ltr'>καὶ</span> <span class='ocrx_word' id='word_1_88' title='bbox 1423 1079 1695 1159; x_wconf 73' lang='grc' dir='ltr'>σώτειραν</span> <span class='ocrx_word' id='word_1_89' title='bbox 1715 1106 1809 1163; x_wconf 79' lang='grc' dir='ltr'>γε·</span> 
     </span>
     <span class='ocr_line' id='line_1_13' title="bbox 206 1166 1809 1252; baseline -0.002 -21"><span class='ocrx_word' id='word_1_90' title='bbox 206 1172 427 1232; x_wconf 85' lang='grc' dir='ltr'>νέσθαι·</span> <span class='ocrx_word' id='word_1_91' title='bbox 457 1170 797 1252; x_wconf 75' lang='grc' dir='ltr'>Αἰγυπτιστὶ</span> <span class='ocrx_word' id='word_1_92' title='bbox 813 1170 872 1228; x_wconf 79' lang='grc' dir='ltr'>δὲ</span> <span class='ocrx_word' id='word_1_93' title='bbox 889 1167 1193 1230; x_wconf 82' lang='grc' dir='ltr'>Ἀπόλλων</span> <span class='ocrx_word' id='word_1_94' title='bbox 1204 1171 1309 1246; x_wconf 82' lang='grc' dir='ltr'>μὲν</span> <span class='ocrx_word' id='word_1_95' title='bbox 1320 1166 1515 1246; x_wconf 84' lang='grc' dir='ltr'>Ὧρος,</span> <span class='ocrx_word' id='word_1_96' title='bbox 1534 1168 1809 1247; x_wconf 81' lang='grc' dir='ltr'>Δημήτηρ</span> 
     </span>
     <span class='ocr_line' id='line_1_14' title="bbox 204 1253 1813 1336; baseline -0.001 -18"><span class='ocrx_word' id='word_1_97' title='bbox 204 1258 266 1318; x_wconf 81' lang='grc' dir='ltr'>δὲ</span> <span class='ocrx_word' id='word_1_98' title='bbox 296 1258 466 1329; x_wconf 85' lang='grc' dir='ltr'>Ἶσις,</span> <span class='ocrx_word' id='word_1_99' title='bbox 488 1258 755 1336; x_wconf 79' lang='grc' dir='ltr'>Ἀρτεμις</span> <span class='ocrx_word' id='word_1_100' title='bbox 789 1257 850 1317; x_wconf 81' lang='grc' dir='ltr'>δὲ</span> <span class='ocrx_word' id='word_1_101' title='bbox 884 1256 1230 1334; x_wconf 81' lang='grc' dir='ltr'>Βούβαστις.</span> <span class='ocrx_word' id='word_1_102' title='bbox 1299 1260 1362 1316; x_wconf 85' lang='grc' dir='ltr'>ἐκ</span> <span class='ocrx_word' id='word_1_103' title='bbox 1389 1253 1590 1316; x_wconf 88' lang='grc' dir='ltr'>τούτου</span> <span class='ocrx_word' id='word_1_104' title='bbox 1621 1255 1682 1315; x_wconf 81' lang='grc' dir='ltr'>δὲ</span> <span class='ocrx_word' id='word_1_105' title='bbox 1711 1259 1813 1317; x_wconf 82' lang='grc' dir='ltr'>τοῦ</span> 
     </span>
     <span class='ocr_line' id='line_1_15' title="bbox 202 1342 1817 1428; baseline -0.002 -20"><span class='ocrx_word' id='word_1_106' title='bbox 202 1346 385 1428; x_wconf 79' lang='grc' dir='ltr'>λόγου</span> <span class='ocrx_word' id='word_1_107' title='bbox 425 1346 520 1406; x_wconf 85' lang='grc' dir='ltr'>καὶ</span> <span class='ocrx_word' id='word_1_108' title='bbox 560 1345 782 1410; x_wconf 75' lang='grc' dir='ltr'>ούδενὸς</span> <span class='ocrx_word' id='word_1_109' title='bbox 828 1343 1012 1405; x_wconf 76' lang='grc' dir='ltr'>ἄλλου</span> <span class='ocrx_word' id='word_1_110' title='bbox 1053 1343 1345 1423; x_wconf 77' lang='grc' dir='ltr'>Αἰσχύλος</span> <span class='ocrx_word' id='word_1_111' title='bbox 1384 1343 1418 1404; x_wconf 83' lang='grc' dir='ltr'>ὁ</span> <span class='ocrx_word' id='word_1_112' title='bbox 1456 1342 1817 1422; x_wconf 76' lang='grc' dir='ltr'>Εὐφορίωνος</span> 
     </span>
     <span class='ocr_line' id='line_1_16' title="bbox 204 1432 1816 1516; baseline -0.001 -21"><span class='ocrx_word' id='word_1_113' title='bbox 204 1434 433 1512; x_wconf 86' lang='grc' dir='ltr'>ἥρπασε</span> <span class='ocrx_word' id='word_1_114' title='bbox 456 1434 524 1495; x_wconf 81' lang='grc' dir='ltr'>τὸ</span> <span class='ocrx_word' id='word_1_115' title='bbox 553 1433 659 1516; x_wconf 78' lang='grc' dir='ltr'>ἐγῶ</span> <span class='ocrx_word' id='word_1_116' title='bbox 681 1432 902 1511; x_wconf 76' lang='grc' dir='ltr'>φράσω,</span> <span class='ocrx_word' id='word_1_117' title='bbox 923 1436 1130 1510; x_wconf 81' lang='grc' dir='ltr'>μοῦνος</span> <span class='ocrx_word' id='word_1_118' title='bbox 1155 1432 1225 1508; x_wconf 75' lang='grc' dir='ltr'>δή</span> <span class='ocrx_word' id='word_1_119' title='bbox 1250 1432 1522 1508; x_wconf 84' lang='grc' dir='ltr'>ποιητέων</span> <span class='ocrx_word' id='word_1_120' title='bbox 1545 1435 1656 1493; x_wconf 78' lang='grc' dir='ltr'>τῶν</span> <span class='ocrx_word' id='word_1_121' title='bbox 1678 1457 1816 1509; x_wconf 86' lang='grc' dir='ltr'>προ-</span> 
     </span>
     <span class='ocr_line' id='line_1_17' title="bbox 204 1518 1811 1603; baseline -0.002 -20"><span class='ocrx_word' id='word_1_122' title='bbox 204 1523 535 1603; x_wconf 84' lang='grc' dir='ltr'>γενομένων·</span> <span class='ocrx_word' id='word_1_123' title='bbox 589 1523 822 1598; x_wconf 88' lang='grc' dir='ltr'>ἐποίησε</span> <span class='ocrx_word' id='word_1_124' title='bbox 869 1546 983 1602; x_wconf 90' lang='grc' dir='ltr'>γαρ</span> <span class='ocrx_word' id='word_1_125' title='bbox 1026 1518 1299 1597; x_wconf 82' lang='grc' dir='ltr'>’Άρτεμιν</span> <span class='ocrx_word' id='word_1_126' title='bbox 1346 1519 1486 1581; x_wconf 82' lang='grc' dir='ltr'>εἶναι</span> <span class='ocrx_word' id='word_1_127' title='bbox 1533 1520 1811 1602; x_wconf 86' lang='grc' dir='ltr'>θυγατέρα</span> 
     </span>
     <span class='ocr_line' id='line_1_18' title="bbox 207 1607 1813 1690; baseline -0.001 -20"><span class='ocrx_word' id='word_1_128' title='bbox 207 1609 511 1688; x_wconf 85' lang='grc' dir='ltr'>Δήμητρος</span> <span class='ocrx_word' id='word_1_129' title='bbox 517 1609 715 1686; x_wconf 77' lang='grc' dir='ltr'>·-τήν</span> <span class='ocrx_word' id='word_1_130' title='bbox 741 1609 802 1669; x_wconf 79' lang='grc' dir='ltr'>δὲ</span> <span class='ocrx_word' id='word_1_131' title='bbox 835 1613 1012 1685; x_wconf 83' lang='grc' dir='ltr'>νῆσον</span> <span class='ocrx_word' id='word_1_132' title='bbox 1043 1608 1137 1668; x_wconf 86' lang='grc' dir='ltr'>δια</span> <span class='ocrx_word' id='word_1_133' title='bbox 1171 1611 1339 1669; x_wconf 79' lang='grc' dir='ltr'>τοῦτο</span> <span class='ocrx_word' id='word_1_134' title='bbox 1368 1607 1635 1690; x_wconf 88' lang='grc' dir='ltr'>γενέσθαι</span> <span class='ocrx_word' id='word_1_135' title='bbox 1661 1612 1813 1668; x_wconf 87' lang='grc' dir='ltr'>πλω-</span> 
     </span>
     <span class='ocr_line' id='line_1_19' title="bbox 205 1696 1166 1777; baseline -0.004 -18"><span class='ocrx_word' id='word_1_136' title='bbox 205 1697 329 1775; x_wconf 86' lang='grc' dir='ltr'>τήν.</span> <span class='ocrx_word' id='word_1_137' title='bbox 395 1702 577 1759; x_wconf 83' lang='grc' dir='ltr'>ταῦτα</span> <span class='ocrx_word' id='word_1_138' title='bbox 599 1699 704 1775; x_wconf 84' lang='grc' dir='ltr'>μὲν</span> <span class='ocrx_word' id='word_1_139' title='bbox 729 1696 871 1758; x_wconf 82' lang='grc' dir='ltr'>οὕτω</span> <span class='ocrx_word' id='word_1_140' title='bbox 897 1696 1166 1777; x_wconf 89' lang='grc' dir='ltr'>λέγουσι..</span> 
     </span>
    </p>

    <p class='ocr_par' dir='ltr' id='par_1_2' title="bbox 206 1783 1907 2302">
     <span class='ocr_line' id='line_1_20' title="bbox 285 1783 1907 1866; baseline 0 -20"><span class='ocrx_word' id='word_1_141' title='bbox 285 1787 643 1866; x_wconf 82' lang='grc' dir='ltr'>Ψαμμίτιχος</span> <span class='ocrx_word' id='word_1_142' title='bbox 689 1785 750 1845; x_wconf 80' lang='grc' dir='ltr'>δὲ</span> <span class='ocrx_word' id='word_1_143' title='bbox 795 1785 1146 1861; x_wconf 86' lang='grc' dir='ltr'>ἐβασίλευσε</span> <span class='ocrx_word' id='word_1_144' title='bbox 1192 1783 1479 1865; x_wconf 74' lang='grc' dir='ltr'>Αἰγύπτου</span> <span class='ocrx_word' id='word_1_145' title='bbox 1523 1784 1774 1862; x_wconf 88' lang='grc' dir='ltr'>τέσσερα</span> <span class='ocrx_word' id='word_1_146' title='bbox 1792 1783 1907 1846; x_wconf 83' lang='grc'>157</span> 
     </span>
     <span class='ocr_line' id='line_1_21' title="bbox 210 1871 1813 1950; baseline -0.001 -17"><span class='ocrx_word' id='word_1_147' title='bbox 210 1873 302 1933; x_wconf 86' lang='grc' dir='ltr'>καὶ</span> <span class='ocrx_word' id='word_1_148' title='bbox 326 1872 676 1950; x_wconf 85' lang='grc' dir='ltr'>πεντήκοντα</span> <span class='ocrx_word' id='word_1_149' title='bbox 701 1874 844 1933; x_wconf 80' lang='grc' dir='ltr'>ἔτεα·</span> <span class='ocrx_word' id='word_1_150' title='bbox 884 1875 996 1932; x_wconf 78' lang='grc' dir='ltr'>τῶν</span> <span class='ocrx_word' id='word_1_151' title='bbox 1019 1871 1095 1933; x_wconf 82' lang='grc' dir='ltr'>τοὶ</span> <span class='ocrx_word' id='word_1_152' title='bbox 1127 1872 1247 1935; x_wconf 82' lang='grc' dir='ltr'>ἑνος</span> <span class='ocrx_word' id='word_1_153' title='bbox 1279 1871 1474 1931; x_wconf 86' lang='grc' dir='ltr'>δέοντα</span> <span class='ocrx_word' id='word_1_154' title='bbox 1500 1871 1813 1949; x_wconf 83' lang='grc' dir='ltr'>τριήκοντα,</span> 
     </span>
     <span class='ocr_line' id='line_1_22' title="bbox 206 1957 1819 2040; baseline -0.001 -19"><span class='ocrx_word' id='word_1_155' title='bbox 206 1960 467 2034; x_wconf 75' lang='grc' dir='ltr'>Ἄζωτον,</span> <span class='ocrx_word' id='word_1_156' title='bbox 495 1965 596 2037; x_wconf 86' lang='grc' dir='ltr'>τῆς</span> <span class='ocrx_word' id='word_1_157' title='bbox 624 1961 828 2038; x_wconf 78' lang='grc' dir='ltr'>Συρίης</span> <span class='ocrx_word' id='word_1_158' title='bbox 851 1959 1110 2040; x_wconf 79' lang='grc' dir='ltr'>μεγάλην</span> <span class='ocrx_word' id='word_1_159' title='bbox 1138 1957 1328 2029; x_wconf 89' lang='grc' dir='ltr'>πόλιν,</span> <span class='ocrx_word' id='word_1_160' title='bbox 1356 1959 1819 2036; x_wconf 86' lang='grc' dir='ltr'>προσκατήμενος</span> 
     </span>
     <span class='ocr_line' id='line_1_23' title="bbox 211 2045 1818 2128; baseline -0.001 -18"><span class='ocrx_word' id='word_1_161' title='bbox 211 2049 553 2128; x_wconf 82' lang='grc' dir='ltr'>ἐπολιόρκεε,</span> <span class='ocrx_word' id='word_1_162' title='bbox 574 2054 630 2112; x_wconf 92' lang='grc' dir='ltr'>ἐς</span> <span class='ocrx_word' id='word_1_163' title='bbox 653 2047 719 2110; x_wconf 79' lang='grc' dir='ltr'>τὸ</span> <span class='ocrx_word' id='word_1_164' title='bbox 741 2049 937 2118; x_wconf 78' lang='grc' dir='ltr'>ἐξεῖλε.</span> <span class='ocrx_word' id='word_1_165' title='bbox 987 2046 1128 2126; x_wconf 74' lang='grc' dir='ltr'>αὕτη</span> <span class='ocrx_word' id='word_1_166' title='bbox 1148 2047 1208 2107; x_wconf 85' lang='grc' dir='ltr'>δὲ</span> <span class='ocrx_word' id='word_1_167' title='bbox 1232 2046 1271 2123; x_wconf 84' lang='grc' dir='ltr'><em>ἦ</em></span> <span class='ocrx_word' id='word_1_168' title='bbox 1287 2045 1533 2118; x_wconf 73' lang='grc' dir='ltr'>’Ἄζωτος</span> <span class='ocrx_word' id='word_1_169' title='bbox 1553 2046 1818 2109; x_wconf 71' lang='grc' dir='ltr'>ἁπασέων</span> 
     </span>
     <span class='ocr_line' id='line_1_24' title="bbox 209 2133 1818 2215; baseline -0.002 -17"><span class='ocrx_word' id='word_1_170' title='bbox 209 2140 424 2207; x_wconf 82' lang='grc' dir='ltr'>πολίων</span> <span class='ocrx_word' id='word_1_171' title='bbox 451 2139 542 2197; x_wconf 81' lang='grc' dir='ltr'>ἐπὶ</span> <span class='ocrx_word' id='word_1_172' title='bbox 571 2140 845 2197; x_wconf 82' lang='grc' dir='ltr'>πλεῖστον</span> <span class='ocrx_word' id='word_1_173' title='bbox 875 2134 1080 2214; x_wconf 85' lang='grc' dir='ltr'>χρόνον</span> <span class='ocrx_word' id='word_1_174' title='bbox 1107 2134 1549 2212; x_wconf 87' lang='grc' dir='ltr'>πολιορκευμένη</span> <span class='ocrx_word' id='word_1_175' title='bbox 1576 2133 1818 2215; x_wconf 74' lang='grc' dir='ltr'>ἀντέσχε</span> 
     </span>
     <span class='ocr_line' id='line_1_25' title="bbox 208 2225 712 2302; baseline 0.004 -17"><span class='ocrx_word' id='word_1_176' title='bbox 208 2229 322 2287; x_wconf 71' lang='grc' dir='ltr'>τῶν</span> <span class='ocrx_word' id='word_1_177' title='bbox 347 2225 512 2302; x_wconf 77' lang='grc' dir='ltr'>ἡμεῖς</span> <span class='ocrx_word' id='word_1_178' title='bbox 537 2226 712 2302; x_wconf 81' lang='grc' dir='ltr'>ἴδμεν.</span> 
     </span>
    </p>

    <p class='ocr_par' dir='ltr' id='par_1_3' title="bbox 203 2309 1914 3358">
     <span class='ocr_line' id='line_1_26' title="bbox 288 2309 1914 2393; baseline -0.001 -20"><span class='ocrx_word' id='word_1_179' title='bbox 288 2314 651 2393; x_wconf 84' lang='grc' dir='ltr'>Ψαμμιτίχου</span> <span class='ocrx_word' id='word_1_180' title='bbox 683 2313 744 2373; x_wconf 83' lang='grc' dir='ltr'>δὲ</span> <span class='ocrx_word' id='word_1_181' title='bbox 783 2311 979 2375; x_wconf 73' lang='grc' dir='ltr'>Νεκῶς</span> <span class='ocrx_word' id='word_1_182' title='bbox 1012 2314 1146 2375; x_wconf 83' lang='grc' dir='ltr'>παῖς</span> <span class='ocrx_word' id='word_1_183' title='bbox 1184 2309 1416 2393; x_wconf 88' lang='grc' dir='ltr'>ἐγένετο,</span> <span class='ocrx_word' id='word_1_184' title='bbox 1446 2309 1540 2368; x_wconf 83' lang='grc' dir='ltr'>καὶ</span> <span class='ocrx_word' id='word_1_185' title='bbox 1579 2309 1776 2386; x_wconf 86' lang='grc' dir='ltr'>ἐβασί·</span> <span class='ocrx_word' id='word_1_186' title='bbox 1798 2312 1914 2371; x_wconf 88' lang='grc'>158</span> 
     </span>
     <span class='ocr_line' id='line_1_27' title="bbox 206 2397 1818 2484; baseline -0.003 -23"><span class='ocrx_word' id='word_1_187' title='bbox 206 2405 382 2464; x_wconf 89' lang='grc' dir='ltr'>λευσε</span> <span class='ocrx_word' id='word_1_188' title='bbox 423 2401 729 2484; x_wconf 80' lang='grc' dir='ltr'>Αἰγύπτου·</span> <span class='ocrx_word' id='word_1_189' title='bbox 771 2428 833 2465; x_wconf 90' lang='grc' dir='ltr'>ος</span> <span class='ocrx_word' id='word_1_190' title='bbox 865 2404 938 2478; x_wconf 81' lang='grc' dir='ltr'>τῇ</span> <span class='ocrx_word' id='word_1_191' title='bbox 967 2399 1195 2479; x_wconf 77' lang='grc' dir='ltr'>διώρυχι</span> <span class='ocrx_word' id='word_1_192' title='bbox 1233 2397 1564 2476; x_wconf 85' lang='grc' dir='ltr'>ἐπεχείρησε</span> <span class='ocrx_word' id='word_1_193' title='bbox 1600 2400 1818 2472; x_wconf 77' lang='grc' dir='ltr'>πρῶτος</span> 
     </span>
     <span class='ocr_line' id='line_1_28' title="bbox 205 2485 1819 2569; baseline -0.006 -17"><span class='ocrx_word' id='word_1_194' title='bbox 205 2495 278 2569; x_wconf 76' lang='grc' dir='ltr'>τῇ</span> <span class='ocrx_word' id='word_1_195' title='bbox 307 2497 362 2555; x_wconf 85' lang='grc' dir='ltr'>ἐς</span> <span class='ocrx_word' id='word_1_196' title='bbox 386 2489 492 2567; x_wconf 75' lang='grc' dir='ltr'>τήν</span> <span class='ocrx_word' id='word_1_197' title='bbox 516 2486 793 2567; x_wconf 88' lang='grc' dir='ltr'>Ἐρυθρην</span> <span class='ocrx_word' id='word_1_198' title='bbox 822 2488 1128 2550; x_wconf 83' lang='grc' dir='ltr'>θάλασσαν</span> <span class='ocrx_word' id='word_1_199' title='bbox 1150 2485 1421 2563; x_wconf 86' lang='grc' dir='ltr'>φερούσῃ,</span> <span class='ocrx_word' id='word_1_200' title='bbox 1447 2509 1553 2561; x_wconf 91' lang='grc' dir='ltr'>την</span> <span class='ocrx_word' id='word_1_201' title='bbox 1579 2488 1819 2560; x_wconf 79' lang='grc' dir='ltr'>Δαρεῖος</span> 
     </span>
     <span class='ocr_line' id='line_1_29' title="bbox 207 2571 1818 2655; baseline -0.004 -17"><span class='ocrx_word' id='word_1_202' title='bbox 207 2578 240 2638; x_wconf 83' lang='grc' dir='ltr'>ὁ</span> <span class='ocrx_word' id='word_1_203' title='bbox 260 2579 497 2655; x_wconf 80' lang='grc' dir='ltr'>Πέρσης</span> <span class='ocrx_word' id='word_1_204' title='bbox 522 2577 747 2654; x_wconf 85' lang='grc' dir='ltr'>δεύτερα</span> <span class='ocrx_word' id='word_1_205' title='bbox 769 2575 1014 2653; x_wconf 77' lang='grc' dir='ltr'>διώρυξε·</span> <span class='ocrx_word' id='word_1_206' title='bbox 1040 2579 1143 2651; x_wconf 86' lang='grc' dir='ltr'>τῆς</span> <span class='ocrx_word' id='word_1_207' title='bbox 1165 2578 1345 2651; x_wconf 84' lang='grc' dir='ltr'>μῆκος</span> <span class='ocrx_word' id='word_1_208' title='bbox 1367 2573 1474 2651; x_wconf 90' lang='grc' dir='ltr'>μέν</span> <span class='ocrx_word' id='word_1_209' title='bbox 1495 2577 1619 2633; x_wconf 90' lang='grc' dir='ltr'>ἐστι</span> <span class='ocrx_word' id='word_1_210' title='bbox 1639 2571 1818 2636; x_wconf 87' lang='grc' dir='ltr'>πλόος</span> 
     </span>
     <span class='ocr_line' id='line_1_30' title="bbox 203 2659 1817 2744; baseline -0.004 -19"><span class='ocrx_word' id='word_1_211' title='bbox 203 2665 416 2744; x_wconf 89' lang='grc' dir='ltr'>ημέραι</span> <span class='ocrx_word' id='word_1_212' title='bbox 440 2667 725 2743; x_wconf 88' lang='grc' dir='ltr'>τέσσερες,</span> <span class='ocrx_word' id='word_1_213' title='bbox 749 2662 905 2741; x_wconf 80' lang='grc' dir='ltr'>εὖρος</span> <span class='ocrx_word' id='word_1_214' title='bbox 930 2663 991 2724; x_wconf 81' lang='grc' dir='ltr'>δὲ</span> <span class='ocrx_word' id='word_1_215' title='bbox 1018 2660 1312 2741; x_wconf 64' lang='grc' dir='ltr'>ωρύχθη”</span> <span class='ocrx_word' id='word_1_216' title='bbox 1270 2687 1417 2722; x_wconf 89' lang='grc' dir='ltr'>ωστε</span> <span class='ocrx_word' id='word_1_217' title='bbox 1441 2659 1698 2740; x_wconf 88' lang='grc' dir='ltr'>τριήρεας</span> <span class='ocrx_word' id='word_1_218' title='bbox 1717 2659 1817 2719; x_wconf 86' lang='grc' dir='ltr'>δύο</span> 
     </span>
     <span class='ocr_line' id='line_1_31' title="bbox 205 2748 1817 2831; baseline -0.003 -18"><span class='ocrx_word' id='word_1_219' title='bbox 205 2754 405 2814; x_wconf 88' lang='grc' dir='ltr'>πλέειν</span> <span class='ocrx_word' id='word_1_220' title='bbox 431 2752 574 2831; x_wconf 73' lang='grc' dir='ltr'>ὁμοῦ</span> <span class='ocrx_word' id='word_1_221' title='bbox 601 2751 1064 2829; x_wconf 80' lang='grc' dir='ltr'>ἐλαστρευμένας.</span> <span class='ocrx_word' id='word_1_222' title='bbox 1132 2749 1299 2827; x_wconf 85' lang='grc' dir='ltr'>ἦκται</span> <span class='ocrx_word' id='word_1_223' title='bbox 1329 2748 1390 2809; x_wconf 81' lang='grc' dir='ltr'>δὲ</span> <span class='ocrx_word' id='word_1_224' title='bbox 1421 2748 1534 2809; x_wconf 65' lang='lat' dir='ltr'>dv&amp;</span> <span class='ocrx_word' id='word_1_225' title='bbox 1560 2752 1661 2810; x_wconf 82' lang='grc' dir='ltr'>τοῦ</span> <span class='ocrx_word' id='word_1_226' title='bbox 1685 2748 1817 2809; x_wconf 83' lang='grc' dir='ltr'>Νεί-</span> 
     </span>
     <span class='ocr_line' id='line_1_32' title="bbox 204 2835 1820 2919; baseline -0.003 -17"><span class='ocrx_word' id='word_1_227' title='bbox 204 2845 315 2904; x_wconf 89' lang='grc' dir='ltr'>λου</span> <span class='ocrx_word' id='word_1_228' title='bbox 354 2841 426 2903; x_wconf 76' lang='grc' dir='ltr'>τδ</span> <span class='ocrx_word' id='word_1_229' title='bbox 460 2840 605 2919; x_wconf 80' lang='grc' dir='ltr'>ὕδωρ</span> <span class='ocrx_word' id='word_1_230' title='bbox 637 2844 694 2905; x_wconf 89' lang='grc' dir='ltr'>ἐς</span> <span class='ocrx_word' id='word_1_231' title='bbox 731 2838 923 2915; x_wconf 73' lang='grc' dir='ltr'>αὐτήν·</span> <span class='ocrx_word' id='word_1_232' title='bbox 965 2838 1131 2916; x_wconf 87' lang='grc' dir='ltr'>ἦκται</span> <span class='ocrx_word' id='word_1_233' title='bbox 1170 2838 1232 2897; x_wconf 81' lang='grc' dir='ltr'>δὲ</span> <span class='ocrx_word' id='word_1_234' title='bbox 1272 2837 1581 2914; x_wconf 87' lang='grc' dir='ltr'>κατύπερθε</span> <span class='ocrx_word' id='word_1_235' title='bbox 1620 2835 1820 2917; x_wconf 84' lang='grc' dir='ltr'>ὀλίγον</span> 
     </span>
     <span class='ocr_line' id='line_1_33' title="bbox 206 2922 1820 3007; baseline -0.003 -19"><span class='ocrx_word' id='word_1_236' title='bbox 206 2929 576 3007; x_wconf 77' lang='grc' dir='ltr'>Βουβάστιος</span> <span class='ocrx_word' id='word_1_237' title='bbox 614 2928 829 2999; x_wconf 85' lang='grc' dir='ltr'>πόλιος,</span> <span class='ocrx_word' id='word_1_238' title='bbox 865 2927 1020 3004; x_wconf 86' lang='grc' dir='ltr'>παροὶ</span> <span class='ocrx_word' id='word_1_239' title='bbox 1055 2925 1362 3003; x_wconf 84' lang='grc' dir='ltr'>Πάτουμον</span> <span class='ocrx_word' id='word_1_240' title='bbox 1396 2924 1502 2999; x_wconf 77' lang='grc' dir='ltr'>τήν</span> <span class='ocrx_word' id='word_1_241' title='bbox 1538 2922 1820 3001; x_wconf 83' lang='grc' dir='ltr'>Ἀραβίην</span> 
     </span>
     <span class='ocr_line' id='line_1_34' title="bbox 204 3009 1817 3096; baseline -0.003 -20"><span class='ocrx_word' id='word_1_242' title='bbox 204 3016 401 3077; x_wconf 85' lang='grc' dir='ltr'>πόλιν·</span> <span class='ocrx_word' id='word_1_243' title='bbox 434 3017 621 3096; x_wconf 85' lang='grc' dir='ltr'>ἐσέχει</span> <span class='ocrx_word' id='word_1_244' title='bbox 641 3016 700 3076; x_wconf 84' lang='grc' dir='ltr'>δὲ</span> <span class='ocrx_word' id='word_1_245' title='bbox 721 3020 775 3079; x_wconf 86' lang='grc' dir='ltr'>ἐς</span> <span class='ocrx_word' id='word_1_246' title='bbox 796 3014 902 3090; x_wconf 66' lang='grc' dir='ltr'>τὴν</span> <span class='ocrx_word' id='word_1_247' title='bbox 925 3013 1203 3091; x_wconf 79' lang='grc' dir='ltr'>Ἐρυθρὴν</span> <span class='ocrx_word' id='word_1_248' title='bbox 1222 3012 1546 3073; x_wconf 78' lang='grc' dir='ltr'>θάλασσαν·</span> <span class='ocrx_word' id='word_1_249' title='bbox 1581 3009 1817 3086; x_wconf 80' lang='grc' dir='ltr'>ὥρυκται</span> 
     </span>
     <span class='ocr_line' id='line_1_35' title="bbox 208 3096 1818 3182; baseline -0.002 -19"><span class='ocrx_word' id='word_1_250' title='bbox 208 3104 273 3164; x_wconf 80' lang='grc' dir='ltr'>δὲ</span> <span class='ocrx_word' id='word_1_251' title='bbox 309 3109 537 3182; x_wconf 77' lang='grc' dir='ltr'>πρῶτον</span> <span class='ocrx_word' id='word_1_252' title='bbox 573 3105 679 3181; x_wconf 79' lang='grc' dir='ltr'>μὲν</span> <span class='ocrx_word' id='word_1_253' title='bbox 710 3107 813 3164; x_wconf 82' lang='grc' dir='ltr'>τοῦ</span> <span class='ocrx_word' id='word_1_254' title='bbox 847 3102 1038 3162; x_wconf 86' lang='grc' dir='ltr'>πεδίου</span> <span class='ocrx_word' id='word_1_255' title='bbox 1074 3103 1176 3160; x_wconf 82' lang='grc' dir='ltr'>τοῦ</span> <span class='ocrx_word' id='word_1_256' title='bbox 1217 3099 1525 3179; x_wconf 82' lang='grc' dir='ltr'>Αἰγυπτίου</span> <span class='ocrx_word' id='word_1_257' title='bbox 1562 3096 1636 3157; x_wconf 83' lang='grc' dir='ltr'>τοὶ</span> <span class='ocrx_word' id='word_1_258' title='bbox 1675 3097 1818 3174; x_wconf 73' lang='grc' dir='ltr'>πρὸς</span> 
     </span>
     <span class='ocr_line' id='line_1_36' title="bbox 206 3182 1815 3271; baseline -0.006 -19"><span class='ocrx_word' id='word_1_259' title='bbox 206 3190 493 3270; x_wconf 54' lang='grc' dir='ltr'>ῨΑραβίην</span> <span class='ocrx_word' id='word_1_260' title='bbox 519 3192 738 3271; x_wconf 82' lang='grc' dir='ltr'>ἔχοντα·</span> <span class='ocrx_word' id='word_1_261' title='bbox 772 3191 959 3270; x_wconf 81' lang='grc' dir='ltr'>ἔχεται</span> <span class='ocrx_word' id='word_1_262' title='bbox 984 3189 1045 3248; x_wconf 84' lang='grc' dir='ltr'>δὲ</span> <span class='ocrx_word' id='word_1_263' title='bbox 1071 3185 1379 3263; x_wconf 86' lang='grc' dir='ltr'>κατύπερθε</span> <span class='ocrx_word' id='word_1_264' title='bbox 1403 3188 1504 3246; x_wconf 80' lang='grc' dir='ltr'>τοῦ</span> <span class='ocrx_word' id='word_1_265' title='bbox 1529 3184 1721 3245; x_wconf 86' lang='grc' dir='ltr'>πεδίου</span> <span class='ocrx_word' id='word_1_266' title='bbox 1744 3182 1815 3244; x_wconf 70' lang='grc' dir='ltr'>τὰ</span> 
     </span>
     <span class='ocr_line' id='line_1_37' title="bbox 209 3271 1819 3358; baseline -0.006 -18"><span class='ocrx_word' id='word_1_267' title='bbox 209 3279 358 3342; x_wconf 75' lang='grc' dir='ltr'>κατὰ</span> <span class='ocrx_word' id='word_1_268' title='bbox 382 3278 626 3358; x_wconf 90' lang='grc' dir='ltr'>Μέμφιν</span> <span class='ocrx_word' id='word_1_269' title='bbox 641 3280 822 3339; x_wconf 81' lang='grc' dir='ltr'>τεῖνον</span> <span class='ocrx_word' id='word_1_270' title='bbox 848 3275 994 3354; x_wconf 84' lang='grc' dir='ltr'>ὄρος,</span> <span class='ocrx_word' id='word_1_271' title='bbox 1017 3277 1179 3354; x_wconf 72' lang='grc' dir='ltr'>ἐντῷ</span> <span class='ocrx_word' id='word_1_272' title='bbox 1198 3276 1257 3333; x_wconf 80' lang='grc' dir='ltr'>αἱ</span> <span class='ocrx_word' id='word_1_273' title='bbox 1281 3273 1604 3351; x_wconf 88' lang='grc' dir='ltr'>λιθοτομίαι</span> <span class='ocrx_word' id='word_1_274' title='bbox 1627 3271 1819 3333; x_wconf 78' lang='grc' dir='ltr'>ἔνεισι·</span> 
     </span>
    </p>
   </div>
  </div>
 </body>
</html>
