2184 3517
249 108 415 174 2—6]
929 112 1199 161 eAAmA.
1765 113 1857 161 201

252 192 310 248 οἱ
332 188 533 264 Φάνης,
557 190 650 248 καὶ
674 188 902 269 γνώμην
922 189 1107 254 ἱκανὸς
1132 190 1225 250 καὶ
1241 189 1315 250 τσῖ
1334 191 1584 268 πολέμια
1603 189 1861 267 ἄλκιμος·

252 274 420 339 οὗτος
436 275 468 335 ὁ
484 276 668 352 Φάνης
687 277 1047 353 μεμφόμενός
1068 277 1170 337 κού
1187 303 1242 338 τι
1260 276 1491 354 Ἀμάσι,
1514 277 1861 354 ἐκδιδρήσκει

252 364 439 442 πλοίῳ
471 365 533 433 ἐξ
557 363 845 446 Αἰγύπτου
880 365 1233 442 βουλόμενος
1269 365 1566 444 Καμβύσῃ
1593 366 1778 425 ἐλθεῖν
1809 370 1865 429 ἔς

251 450 483 531 λόγους·
539 452 631 511 οἶα
678 452 737 512 δὲ
785 451 947 512 ε’όντα
993 451 1164 512 αύτόν
1212 458 1271 513 ἐν
1315 456 1470 513 τοῖσι
1518 452 1865 529 ἐπικούροισι

250 537 437 618 λόγου
473 538 538 598 οὖ
562 544 803 617 σμικροῦ
831 540 1205 616 ἐπιστάμενόν
1230 566 1294 600 τε
1325 540 1397 599 τὰ
1423 540 1550 617 περὶ
1576 540 1863 620 Αἴγυπτον

251 624 638 703 ἀτρεκέστατα
666 627 991 705 μεταδιώκει
1026 628 1058 688 ὁ
1088 626 1357 704 Ἀμασις,
1390 628 1645 703 σπουδήν
1675 627 1860 687 ποιεύ·
1932 648 1936 653 ’

250 739 424 791 μενος
449 718 612 775 ἑλεῖν·
647 714 972 793 μεταδιώκει
998 715 1074 786 δὲ,
1103 719 1214 776 τῶν
1242 715 1512 795 εὐνούχων
1536 716 1637 776 τᾶν
1660 716 1859 777 πιστό-

250 827 427 864 τατον
460 801 804 867 ‹ivon-restas·
837 802 1050 879 τριήρεϊ
1085 803 1204 864 κατ’
1231 803 1418 864 αύτόν·
1459 804 1521 867 ὃς
1556 804 1727 881 αἱρέει
1760 830 1860 881 μιν

254 894 316 948 ἐν
341 891 540 968 Λυκίῃ,
566 892 707 951 ἑλών
731 891 791 950 δὲ
823 890 923 950 οὐκ
959 890 1208 973 α’,νήγαγε
1240 897 1294 955 ἐς
1327 892 1629 972 Αἴγυπτον·
1670 894 1855 971 σοφίῃ

250 976 369 1056 γάρ
402 1004 501 1053 μιν
534 981 805 1056 περιῆλθε
841 977 873 1038 ὁ
909 977 1112 1055 Φάνης·
1155 979 1548 1056 καταμεθύσας
1585 979 1697 1061 γαρ
1732 980 1863 1044 τοῦς

253 1064 549 1139 φυλάκους
583 1065 997 1127 ἀπαλλάσσετο
1040 1072 1097 1130 ἐς
1137 1067 1387 1144 Πέρσας.
1458 1066 1761 1145 ὁρμημένῳ
1798 1067 1858 1126 δὲ

253 1152 668 1229 στρατεύεσθαι
694 1154 993 1233 Καμβύσῃ
1019 1154 1105 1214 ἐπ’
1134 1154 1421 1236 Αἴγυπτον
1447 1154 1541 1214 καὶ
1567 1152 1863 1231 οἷπορέοντι

250 1238 367 1316 τὴν
410 1240 623 1312 ἔλασιν,
671 1240 809 1306 ὅκως
854 1241 959 1318 τήν
1003 1241 1241 1320 ἄνυδρον
1288 1240 1565 1320 διεκπερᾷ,
1610 1240 1861 1301 ἐπελθών

255 1327 464 1404 φράζει
518 1331 621 1405 μὲν
679 1330 772 1388 καὶ
831 1329 1022 1390 τᾶλλα
1088 1355 1162 1390 τα
1219 1327 1499 1407 Ἀμάσιος
1555 1328 1861 1410 πρήγματα

256 1416 543 1497 ἐξηγέεται
577 1417 637 1477 δὲ
678 1419 772 1476 καὶ
811 1443 918 1493 την
958 1419 1174 1489 att-mv,
1214 1416 1318 1478 ὧδε
1350 1418 1677 1528 παραινέων·
1717 1418 1854 1494 πέμ·
1911 1453 1916 1458 ·

255 1512 447 1581 ψαντα
499 1503 654 1582 παρὰ
706 1504 806 1566 τὸν
852 1504 1140 1583 Ἀραβίων
1192 1508 1449 1583 βασιλέα
1495 1491 1721 1566 δεεσθαι
1761 1505 1867 1582 τήν

254 1590 506 1660 διέξοδόν
548 1596 603 1652 οἶ
637 1591 909 1669 οἷσφαλέα
942 1598 1282 1673 παρασχεῖν.
1365 1593 1565 1672 Μούνῃ
1599 1594 1658 1652 δὲ
1691 1593 1865 1672 ταύτῃ
1882 1596 1918 1653 5

256 1679 374 1738 εἰσὶ
396 1682 634 1759 φανεραὶ
655 1681 904 1759 ἐσβολαὶ
931 1686 987 1745 ἐς
1007 1683 1312 1762 Αἴγυπτον·
1341 1680 1455 1742 otu-6
1481 1681 1591 1762 γοὶρ
1611 1682 1868 1756 Φοινίκης

253 1767 428 1846 μέχρι
470 1768 648 1847 οὔρων
689 1774 799 1830 τῶν
847 1769 1125 1833 Καδύτιος
1165 1769 1380 1840 πόλιος,
1424 1768 1464 1845 ἣ
1506 1769 1630 1829 ἐστὶ
1677 1767 1867 1845 Σύρων

252 1859 370 1915 τῶν
410 1860 812 1919 Παλαιστινῶν
866 1858 1233 1934 καλεομένων·
1300 1855 1416 1918 άπο
1457 1857 1518 1916 δὲ
1573 1854 1865 1925 Καδύτιος,

256 1942 465 2020 ἐούσης
502 1944 705 2009 πόλιος
735 1943 833 2027 (ως
874 1945 1001 2022 ε’μοὶ
1037 1944 1239 2025 δοκέει)
1278 1945 1526 2023 Σαρδίων
1564 1944 1629 2004 αὖ
1668 1947 1869 2023 πολλῷ

256 2030 655 2104 ε’λάσσονος,’
618 2059 732 2093 απο
757 2032 962 2109 ταύτης
986 2031 1059 2094 τοὶ
1088 2034 1328 2111 ε’μπόρια
1351 2060 1422 2094 τα
1451 2034 1541 2093 ε’πὶ
1569 2031 1868 2108 θαλάσσης

256 2120 431 2198 μέχρι
468 2120 728 2197 Ἰηνύσου
766 2120 967 2184 πόλιός
1015 2125 1140 2181 ἐστι
1178 2125 1278 2182 τοῦ
1317 2121 1610 2197 Ἀραβιου·
1653 2119 1765 2178 dm?
1808 2120 1867 2179 δὲ

252 2206 534 2282 Ἰηνύσου,
590 2207 743 2273 αὖτις
796 2207 985 2286 Σύρων
1026 2210 1197 2288 μέχρι
1252 2208 1599 2285 Σερβωνίδος
1640 2208 1858 2284 λίμνης,

254 2294 393 2372 παρ’
418 2294 489 2371 ἢν
515 2296 583 2371 δή
608 2296 674 2356 τό
702 2295 928 2358 Κάσιον
954 2294 1083 2373 ὅρος
1118 2298 1282 2356 τείνει
1309 2301 1364 2359 ἐς
1390 2295 1711 2355 θάλασσαν·
1752 2293 1866 2354 άπό

256 2382 325 2440 δὲ
363 2384 713 2459 Σερβωνίδος
754 2385 973 2461 λίμνης,
1012 2389 1071 2444 ἐν
1108 2388 1182 2462 τῇ
1225 2384 1293 2460 δή
1336 2382 1508 2463 λόγος
1548 2381 1649 2443 τόν
1692 2381 1867 2457 Τυφιό

258 2470 589 2547 κεκρύφθαι,
610 2470 724 2531 οἷπὸ
749 2471 953 2547 ταύτης
978 2470 1085 2547 ἤδη
1112 2472 1414 2552 Αἴγυπτος.
1469 2469 1534 2531 ‘ro‘
1564 2469 1632 2546 δὴ
1658 2468 1867 2546 μεταξι)

254 2557 518 2633 Ἰηνύσου
543 2559 744 2623 πόλιος
776 2560 870 2619 καὶ
906 2560 1133 2619 Κασίου
1168 2585 1231 2620 τε
1267 2559 1456 2637 οὔρεος
1487 2559 1580 2617 καὶ
1609 2561 1710 2633 τῆς
1735 2558 1870 2633 Σερ-

255 2646 500 2722 βωνίδος
538 2649 756 2725 λίμνης,
796 2648 887 2728 ε’ὁν
917 2651 1084 2708 τοῦτο
1127 2647 1228 2707 οὔκ
1262 2648 1460 2730 ὀλίγον
1496 2646 1702 2727 χωρίον
1736 2643 1867 2704 ἀλλ’

257 2733 403 2794 ὅσον
426 2760 490 2795 τε
516 2735 609 2794 ε’πὶ
632 2738 780 2812 τρεῖς
813 2734 1026 2812 ἡμέρας
1061 2735 1213 2805 ὄδόν,
1249 2735 1483 2814 ἄνυδρόν
1516 2741 1639 2796 ε’στι
1664 2734 1868 2797 δεινῶς.

256 2821 341 2881 Τὰ
405 2822 467 2883 δὲ
524 2822 713 2905 ὀλίγοι
783 2827 895 2883 τῶν
961 2828 1019 2887 ἒς
1073 2824 1360 2908 Αἴγυπτον
1420 2822 1868 2899 ναυτιλλομένων
1885 2820 1922 2880 6

260 2909 609 2982 ἐννενώκασι,
651 2914 819 2978 τοῦτο
871 2912 1106 2990 ἔρχομαι
1154 2911 1411 2988 φράσων·
1480 2916 1535 2974 ἐς
1582 2910 1870 2989 Αἴγυπτον

259 3003 325 3058 ἐκ
376 3003 481 3075 τῆς
530 2999 812 3063 Ἑλλάδος
864 2999 1071 3076 πάσης,
1129 3002 1223 3059 καὶ
1273 3000 1431 3076 πρὸς,
1481 3004 1542 3058 ἐκ
1595 2998 1868 3071 Φοινίκης,

259 3086 503 3164 κέραμος
545 3087 826 3169 ἐσάγεται,
839 3086 1062 3164 πλήρης
1104 3087 1256 3146 οἴνου
1300 3087 1382 3148 δὶς
1424 3089 1523 3146 τοῦ
1566 3085 1712 3146 ἔτεος
1749 3082 1869 3168 ἐκά-

257 3201 424 3235 στου·
496 3176 590 3235 καὶ
643 3177 702 3236 ἓν
756 3174 1020 3253 κεράμων
1075 3173 1298 3250 οἶνηρόν
1349 3172 1565 3252 ἀριθμῷ
1616 3172 1867 3249 κείμενον

258 3261 366 3322 οὔκ
393 3263 519 3324 ἔστι
550 3263 647 3343 (ὥς
673 3262 829 3343 λόγῳ
863 3262 1058 3339 εἰπεῖν)
1087 3261 1323 3321 ἰδέσθαι.
1408 3264 1508 3320 κοῦ
1534 3259 1693 3336 δῆτα,
1725 3258 1871 3317 εἴποι
