2184 3517
200 137 491 202 146-148]
788 136 1240 187 ΜΕΛΠΟΜΕΝΗ.
1721 145 1813 192 339

198 217 450 280 ἐνδύντες
509 215 615 292 τὴν
676 216 1002 298 γυναικηίην
1079 216 1313 292 ἐσθῆτα,
1387 218 1486 278 ἅτε
1560 225 1817 301 γυναῖκες

197 305 435 381 ἐξήῖσαν
475 305 594 392 ἔξω,
636 305 972 387 ἐκφυγόντες
1012 304 1071 362 δὲ
1112 303 1300 384 τρόπῳ
1348 306 1576 387 τοιούτῳ
1626 309 1807 378 ἵζοντο

197 392 359 456 αὖτις
378 398 440 457 ἐς
464 393 530 454 τό
558 394 860 475 Τηΰγετον.

281 483 396 542 Τὸν
422 483 481 542 δὲ
508 481 677 542 αὐτὸν
701 487 900 544 τοῦτον
924 484 1130 563 χρόνον
1146 485 1333 562 Θήρας
1359 484 1391 545 ὅ
1418 484 1778 556 Αὐτεσίωνος,
1789 488 1907 553 ’147

195 574 306 629 τοῦ
348 575 689 646 Τισαμενοῦ,
728 574 829 630 τοῦ
870 572 1248 650 Θερσάνδρου,
1281 578 1383 633 τοῦ
1424 574 1812 643 Πολυνείκεος,

199 658 444 718 ἔστελλε
497 662 554 720 ἐς
605 656 866 734 ἀποικίην
919 664 980 718 ἐκ
1032 654 1478 738 ΛακεδαίμονοςῘ
1546 660 1618 738 ἦν
1670 661 1730 721 δὲ
1781 661 1816 721 ὅ

198 746 393 822 Θήρας
429 743 605 816 οὗτος,
632 746 794 825 γένος
833 746 935 807 ε’ὢν
961 747 1261 824 Καδμεῖος,
1287 754 1390 825 τῆς
1413 748 1627 828 μητρός
1652 749 1812 809 ἀδελ-

200 826 343 907 φεὸς
368 838 522 893 τοῖσι
545 832 962 911 Ἀριστοδήμου
987 836 1172 905 παισὶ,
1189 835 1534 912 Εὐρυσθένεϊ
1553 838 1645 896 καὶ
1662 844 1811 915 Προ-

200 923 350 980 κλέϊ·
394 920 594 981 ἐόντων
624 920 670 980 δ’
699 922 780 981 ἔτι
810 927 922 983 τῶν
951 923 1163 983 παίδων
1198 923 1407 985 τούτων
1442 926 1668 1001 νηπίων,
1698 930 1811 984 ἐπι-

196 1010 479 1085 τροπαίην
517 1009 634 1087 εἶχε
667 1007 699 1069 ὅ
740 1008 930 1087 Θήρας
963 1010 1067 1087 τήν
1101 1015 1160 1069 ἐν
1193 1010 1436 1089 Σπάρτῃ
1477 1013 1810 1088 βασιληίην·

200 1096 548 1172 αὐξηθέντων
587 1096 647 1156 δὲ
687 1100 798 1157 τῶν
838 1097 1187 1175 ἀδελφιδέων
1227 1097 1318 1157 καὶ
1362 1098 1810 1176 παραλαβόντων

200 1184 307 1259 τήν
340 1183 541 1263 ἀρχὴν,
572 1184 714 1245 οὕτω
743 1184 811 1260 δὴ
839 1184 872 1244 ὁ
910 1185 1101 1263 Θήρας
1137 1185 1316 1246 δεινόν
1351 1186 1680 1263 ποιεύμενος
1714 1185 1806 1264 ἅρ-

199 1272 411 1350 χεσθαι
440 1271 532 1331 ὑπ’
561 1271 756 1333 ἄλλων
783 1274 910 1332 ἐπεί
938 1299 1000 1333 τε
1028 1273 1302 1353 ἐγεύσατο
1334 1272 1530 1352 ἀρχῆς,
1558 1273 1659 1333 ούκ
1696 1275 1808 1349 ἔφη

199 1363 388 1435 μενεῖν
431 1365 489 1421 ἐν
526 1363 599 1440 τῇ
639 1360 1031 1437 Λακεδαίμονι,
1074 1359 1208 1420 ἀλλ’
1252 1360 1723 1421 ἀποπλεύσεσθαι
1756 1367 1812 1424 ἐς

200 1445 333 1510 τούς
359 1448 685 1528 συγγενέας.
753 1447 906 1524 ἦσαν
931 1448 991 1508 δὲ
1016 1453 1075 1509 ἐν
1101 1452 1174 1528 τῇ
1200 1453 1299 1509 νῦν
1314 1448 1473 1528 Θήρῃ
1500 1449 1809 1527 καλεομένῃ

201 1533 357 1614 νήσῳ
393 1534 667 1613 πρότερον
700 1536 759 1595 δὲ
795 1537 1105 1615 Καλλίστῃ
1145 1541 1219 1615 τῇ
1258 1536 1402 1615 αὐτῇ
1439 1536 1631 1615 ταύτῃ,
1672 1535 1809 1597 ἀπό·

200 1647 361 1702 γονοι
402 1623 791 1700 Μεμβλιάρεω
830 1629 931 1684 τοῦ
972 1626 1256 1684 Ποικιλεω
1298 1624 1496 1701 ἀνδρὸς
1537 1626 1805 1688 Φοίνικος.

202 1708 439 1786 Κάδμος
472 1713 582 1791 γάρ
624 1713 656 1772 ὁ
688 1711 993 1793 Ἀγήνορος
1017 1711 1295 1791 Εὐρώπην
1321 1711 1606 1788 διζήμενος
1630 1737 1808 1788 προσ-

202 1798 340 1878 έσχε
382 1803 436 1862 ἐς
471 1797 575 1875 τήν
605 1803 704 1860 νῦν
743 1800 932 1877 Θήρην
979 1803 1342 1878 καλεομένην·
1395 1799 1707 1878 προσχόντι
1748 1798 1808 1857 δὲ

203 1886 312 1946 εἴτε
348 1887 420 1962 δή
452 1890 506 1946 οῖ
545 1887 584 1963 ἦ
623 1887 778 1966 χώρη
818 1888 990 1966 ἤρεσε
1034 1889 1146 1948 εἴτε
1189 1889 1282 1948 καὶ
1328 1888 1516 1952 ἄλλως
1555 1887 1812 1963 ἠθέλησε

200 1979 442 2051 ποιῆσαι
477 1979 665 2036 τοῦτο·
713 1977 1037 2036 καταλείπει
1071 1975 1183 2055 γὰρ
1227 1980 1286 2035 ἐν
1324 1980 1396 2054 τῇ
1436 1974 1589 2056 νήσῳ
1630 1975 1807 2054 ταύτῃ

199 2061 416 2126 ἅλλους
440 2088 502 2122 τε
527 2067 637 2123 τῶν
663 2068 932 2124 Φοινίκων
957 2064 1050 2122 καὶ
1082 2063 1151 2138 δὴ
1189 2063 1282 2121 καὶ
1305 2068 1415 2123 τῶν
1440 2067 1641 2124 ἑωυτοῦ
1667 2089 1804 2145 συγ,-

197 2153 403 2232 γενέων
428 2151 827 2228 Μεμβλίαρον·
869 2148 1024 2212 οὗτοι
1050 2151 1312 2226 ἐνέμοντο
1336 2149 1442 2225 τήν
1467 2152 1806 2225 Καλλίστην

199 2240 547 2315 καλεομένην
600 2238 692 2297 ἐπὶ
735 2238 944 2318 γενεάς,
995 2237 1129 2314 πρὶν
1172 2234 1211 2313 ἢ
1261 2236 1452 2311 Θήραν
1505 2237 1690 2296 ἐλθεῖν
1742 2241 1804 2294 ἐκ

196 2327 631 2402 Λακεδαίμονος,
657 2324 802 2386 όκτῶ
827 2323 1058 2402 ἀνδρῶν.
1126 2323 1257 2383 Ἐπὶ
1280 2322 1508 2387 τούτους
1534 2321 1602 2398 δὴ
1632 2321 1707 2382 ὧν
1731 2322 1763 2382 ὁ
1786 2325 1900 2384 148

190 2415 404 2491 Θήρας,
436 2413 580 2474 λαόν
615 2413 755 2492 ἔχων
784 2412 897 2473 ἀπὸ
933 2417 1044 2474 τῶν
1077 2415 1318 2490 φυλέων,
1346 2411 1583 2472 ἔστελλε
1618 2435 1802 2470 συνοι-

197 2502 390 2577 κήσων
422 2500 693 2572 τούτοισι,
726 2501 820 2559 καὶ
861 2499 1117 2577 οὐδαμῶς
1157 2499 1363 2568 ἐξελῶν
1405 2496 1603 2561 αύτοῦς
1646 2495 1800 2557 ἀλλά

197 2589 376 2665 κάρτα
424 2587 818 2665 οἷκηῖεύμενος.
885 2590 1010 2647 ἐπεί
1047 2613 1112 2647 τε
1151 2586 1213 2646 δὲ
1251 2587 1346 2645 καὶ
1384 2589 1439 2646 οἱ
1473 2584 1685 2645 Μινύαι
1721 2590 1804 2644 ἐκ·

195 2676 425 2754 δράντες
449 2681 512 2736 ἐκ
535 2681 637 2752 τῆς
664 2679 858 2754 ἑρκτῆς
884 2676 1066 2747 ἵζοντο
1095 2681 1151 2739 ἐς
1168 2674 1236 2735 τὰ
1254 2674 1551 2756 Τηΰγετον,
1565 2677 1676 2735 τῶν
1688 2680 1803 2733 Λα-

195 2764 557 2840 κεδαιμονίων
584 2765 1011 2841 βουλευομένων
1035 2766 1222 2841 σφέας
1246 2761 1579 2834 ἀπολλύναι,
1606 2788 1803 2841 παραι·

193 2852 381 2911 τέεται
418 2850 453 2910 ὁ
489 2851 679 2927 Θήρας
715 2850 853 2916 ὅκως
885 2851 1032 2928 μήτε
1064 2849 1241 2928 φόνος
1264 2849 1510 2931 γένηται,
1538 2850 1706 2913 αὐτός
1742 2875 1806 2910 τε

192 2937 493 2998 ὖπεδέκετό
532 2944 719 3015 σφεας
759 2939 970 3010 ἐξάξειν
1012 2945 1074 3000 ἐκ
1114 2942 1218 3015 τῆς
1257 2935 1461 3016 χώρης·
1515 2963 1803 3018 συγχωρη-

195 3025 419 3086 σάντων
444 3025 505 3085 δὲ
531 3030 603 3104 τῇ
626 3026 819 3107 γνώμῃ
844 3032 956 3088 τῶν
980 3026 1451 3102 Λακεδαιμονίων,
1475 3026 1633 3104 τρισὶ
1655 3049 1806 3100 τριη-

195 3114 515 3190 κοντέροισι
552 3118 608 3176 ἐς
640 3112 770 3176 τούς
800 3113 1193 3191 Μεμβλιάρεω
1223 3112 1534 3194 ἀπογόνους
1561 3114 1799 3181 ἔπλωσε,

194 3201 321 3263 οὔτε.
356 3200 570 3264 πάντας
605 3199 756 3281 ἄγων
786 3199 916 3264 τούς
954 3201 1190 3272 Μινύας,
1217 3200 1349 3260 ἀλλ’
1378 3200 1608 3282 ὀλίγους
1631 3199 1804 3263 τινάς·

194 3293 251 3365 οἱ
274 3289 389 3372 γὰρ
415 3292 651 3352 πλεῦνες
677 3285 859 3348 αύτῶν
874 3287 1182 3367 ἐτράποντο
1208 3294 1264 3353 ἐς
1280 3287 1413 3353 τοῦς
1432 3287 1806 3367 Παρωρεάτας
