2184 3517
265 103 502 169 .29-'-32]
972 107 1241 158 ΟΑΛΕῘΑ.
1789 110 1886 159 215

259 182 349 259 ,ἦν
374 186 429 243 οἶ
462 182 618 261 ἀνήρ’
643 185 913 263 Περσέων
944 184 1302 256 πιστότατος,
1340 184 1745 247 ἀποκτενέοντά
1768 212 1887 263 μιν·

261 271 311 331 ὁ
349 271 413 331 δὲ
457 270 682 348 ἀναβάς
721 277 777 336 ἐς
816 273 1013 338 Σοῦσα
1051 272 1338 334 ἀπέκτεινε
1379 274 1635 352 Σμέρδιν,
1690 277 1744 333 οἶ
1780 277 1887 350 μὲν

274 360 516 440 λέγουσι
558 358 644 418 ἐπ’
683 359 862 442 ἄγρην
900 359 1261 442 ἐξαγαγόντα,
1301 363 1356 421 οἱ
1391 362 1466 432 δὲ,
1502 366 1557 425 ἐς
1586 359 1692 437 τὴν
1725 360 1883 439 Ἐρυ-

261 446 418 524 θρὴν
444 446 754 508 θάλασσαν
779 448 1221 531 προσαγαγόντα
1248 453 1696 510 καταποντῶσαι.

356 538 600 612 Πρῶτον
648 538 753 613 μὲν
805 535 873 611 δὴ
918 538 1155 617 λέγουσι
1194 536 1492 617 Καμβύσῃ
1536 541 1649 598 τῶν
1701 540 1882 598 κακῶν
1899 539 1972 597 31

261 620 442 698 -ἅρξαι
467 627 658 683 τοῦτο.
733 623 961 702 δεύτερα
987 624 1047 683 δὲ
1074 623 1552 706 ἐξεργάσατοτήν
1578 623 1879 701 ἀδελφεήν,

276 712 662 788 ἐπισπομένην
697 714 753 771 οἳ
793 716 849 775 ἐς
888 711 1190 792 Αἵγινπτον,
1231 715 1305 791 τῇ
1345 711 1438 771 καὶ
1477 713 1746 773 συνοίκετ·
1788 713 1882 773 καὶ

263 794 346 873 ἦν
372 800 427 858 οἱ
452 797 549 857 ἀπ’
576 798 910 876 ἀμφοτέρων
945 798 1218 876 ἀδελφεή·
1246 801 1431 881 ἔγημε
1467 801 1528 860 δὲ
1553 800 1729 878 αὐτ-ἦν
1756 798 1878 859 ὧδε·

264 884 530 961 ρύδαμῶς
580 885 692 967 γὰρ
746 885 993 947 ἐώθεσαν
1048 886 1325 966 πρότερον
1373 890 1512 966 τῇσι
1563 887 1879 967 ἀδελφεῇσι

263 974 582 1033 συνοικέειν
633 975 878 1052 Πέρσαι·
957 973 1187 1052 ἠράσθη
1238 978 1372 1052 μιῆς
1425 978 1538 1035 τῶν
1590 974 1879 1051 ἀδελφεῶν

262 1062 621 1139 Καμβύσης,
677 1062 771 1121 καὶ
824 1063 1013 1122 ἔπειτα
1068 1061 1424 1140 βουλόμενος
1474 1061 1649 1138 αὐτὴν
1697 1067 1879 1142 γῆμαι

273 1147 388 1229 (ὅτι
427 1149 530 1211 ούκ
574 1147 802 1213 ἐωθόταῨ
828 1150 1049 1212 ἐπενόεε
1087 1149 1369 1231 ποιήσειν)
1413 1149 1588 1228 εἴρετο
1633 1151 1879 1213 καλέσας

270 1236 403 1302 τούς
425 1238 770 1313 βασιληίους
795 1237 1064 1303 δικαστὰς
1100 1240 1152 1298 εἴ
1176 1239 1261 1302 τίς
1300 1243 1424 1298 ἐστι
1461 1235 1685 1297 κωλύων
1709 1236 1880 1314 νόμος

271 1324 375 1386 τὸν
395 1325 754 1403 βουλόμενον
771 1327 1026 1405 ἀδελφεῇ
1050 1325 1392 1395 συνοικέειν;
1425 1327 1480 1385 οἱ
1497 1324 1559 1384 δὲ
1575 1324 1879 1401 βασιλήῖοι

273 1412 538 1475 δικασταὶ
568 1414 879 1491 κεκριμένοι
908 1414 1100 1492 ἄνδρες
1132 1414 1381 1494 γίνονται
1415 1414 1699 1490 Περσέων,
1729 1418 1783 1476 ἐς
1810 1409 1877 1473 οὗ

273 1499 605 1562 ἀποθάνωσι
641 1502 680 1578 ἤ
719 1509 834 1579 σφι
868 1504 1184 1582 παρευρεθῇ
1218 1528 1276 1562 τι
1307 1500 1512 1572 ἄδικον,
1552 1503 1721 1581 μέχρι
1753 1499 1879 1561 τού-

272 1614 396 1649 του·
438 1587 595 1651 effron
635 1590 718 1650 δὲι
740 1594 894 1651 τοῖσι
941 1591 1211 1670 Πέρσῃσι
1255 1589 1410 1655 δίκας
1455 1590 1742 1662 δικάζουσι
1784 1589 1877 1648 καὶ

274 1676 543 1759 ἐξηγηταὶ
573 1681 686 1738 τῶν
722 1679 970 1757 πατρίων
999 1679 1229 1756 θεσμῶν
1266 1678 1532 1760 γίνονται·
1574 1679 1667 1737 καὶ
1695 1677 1880 1737 πάντα

275 1768 334 1829 ἐς
358 1764 587 1830 τούτους
612 1765 930 1827 ἀνακέαται·
972 1768 1255 1844 εἰρομένου
1287 1765 1361 1826 ῶν
1393 1770 1495 1827 τοῦ
1531 1764 1878 1843 Καμβύσεω,

273 1851 639 1930 ύπεκρίνοντο
690 1852 840 1935 αύτῷ
892 1853 1049 1916 οὗτοι
1087 1854 1185 1914 καὶ
1232 1854 1419 1914 δίκαια
1458 1855 1552 1914 καὶ
1591 1853 1880 1930 ἀσφαλέα,

275 1940 528 2018 φάμενοι
565 1941 746 2019 νόμον
780 1941 977 2003 οὐδένα
1017 1941 1356 2020 ἐξευρίσκειν
1392 1941 1454 2007 ὃς
1490 1941 1689 2002 κωλύει
1720 1941 1881 2001 ἀδελ-

274 2033 397 2108 φεῇ
425 2030 730 2091 συνοικέειν
756 2029 1055 2108 ἀδελφεόν·
1098 2029 1282 2092 ἄλλον
1315 2030 1507 2108 μέντοι
1538 2031 1882 2108 ἐξευρηκέναι

274 2115 471 2194 νόμον,
510 2120 590 2197 τῷ
624 2117 998 2194 βασιλεύοντι
1034 2119 1306 2196 Περσέων
1345 2118 1546 2188 ἐξεῖναι
1584 2120 1791 2178 ποιέειν
1813 2116 1882 2178 τὰ

274 2203 350 2265 ἂν
375 2205 676 2283 βούληται.
729 2206 870 2267 οὕτω
897 2206 1025 2268 οὔτε
1047 2207 1150 2268 τᾶν
1169 2206 1345 2285 νόμον
1370 2207 1582 2266 ἔλυσαν
1602 2201 1883 2269 δείσαντες

269 2294 627 2371 Καμβύσεα,
660 2295 751 2356 ἵνα
787 2321 852 2357 τε
890 2296 973 2373 μὴ
1013 2295 1173 2357 αὐτοὶ
1212 2294 1535 2355 ἀπόλωνται
1572 2293 1673 2354 τὸν
1711 2292 1886 2370 νόμον

273 2382 750 2459 περιστέλλοντες
786 2384 1129 2463 παρεξεῦρον
1164 2380 1348 2443 ἄλλον
1379 2380 1554 2459 νόμον
1584 2380 1888 2459 σύμμαχον

272 2473 363 2549 τῷ
386 2470 609 2531 θέλοντι
632 2472 861 2553 γαμέειν
885 2469 1190 2548 ἀδελφεάς.
1270 2469 1403 2531 τότε
1430 2471 1535 2546 μὲν
1565 2467 1635 2543 δή
1662 2466 1696 2528 ὁ
1724 2469 1903 2545 Καμὲ

271 2557 473 2636 βύσης
499 2558 671 2640 ἔγημε
694 2558 800 2635 τήν
835 2559 1132 2638 ἐρωμένην·
1172 2556 1317 2636 μετὰ
1347 2558 1539 2635 μέντοι
1572 2555 1638 2617 ού
1664 2554 1889 2616 πολλὰν

272 2645 491 2725 χρόνον
530 2648 668 2726 ἔσχε
713 2647 900 2725 ἄλλην
944 2645 1250 2723 ἀδελφεήν·
1315 2647 1554 2707 τουτέων
1597 2645 1738 2723 δῆτα
1781 2642 1889 2720 τήν

274 2734 569 2811 νεωτέρην,
623 2735 1004 2813 ἐπισπομένην
1055 2737 1113 2794 οἱ
1175 2733 1260 2795 ἐπ’
1315 2736 1618 2817 Αἴγυπτον,
1675 2734 1888 2794 κτείνει.

273 2821 469 2898 Ἀμφὶ
494 2822 556 2882 δὲ
578 2825 656 2902 τῷ
682 2822 900 2903 θανάτῳ
936 2821 1108 2899 αὖτῆς
1144 2821 1308 2894 διξὸς,
1335 2821 1526 2898 ὥσπερ
1556 2822 1687 2899 περὶ
1713 2821 1890 2898 Σμέρ-
1907 2819 1985 2878 32

276 2909 419 2978 διος,
457 2910 689 2991 λέγεται
716 2908 910 2992 λόγος.
980 2908 1265 2986 Ἕλληνες
1298 2912 1403 2987 μὲν
1440 2911 1695 2992 λέγουσι,
1730 2914 1891 2984 Καμ-

275 2995 477 3073 βύσεα
512 2997 866 3075 συμβαλέειν
900 2995 1155 3073 σκύμνον
1186 2997 1416 3060 λέοντος
1448 2995 1691 3056 σκύλακι
1718 2994 1893 3065 κυνὸς,

279 3084 540 3162 θεωρέειν
579 3085 642 3145 δὲ
679 3087 774 3146 καὶ
812 3084 917 3161 τήν
954 3086 1192 3165 γυναῖκα
1228 3082 1454 3161 ταύτην·
1496 3082 1795 3160 νικωμένου
1834 3081 1896 3140 δὲ

277 3175 391 3234 τοῦ
429 3172 732 3244 σκύλακος,
801 3169 1085 3247 ἀδελφεόν
1149 3169 1320 3232 αὐτοῦ
1386 3169 1569 3231 ἄλλον
1586 3188 1611 3211 “
1634 3167 1897 3229 σκύλακα

279 3259 685 3340 ἀπορρήξαντα
721 3260 822 3322 τόν
861 3258 1073 3338 δεσμὸν
1111 3260 1528 3342 παραγενέσθαι
1567 3260 1642 3319 οἳ·
1696 3256 1796 3319 δύο
1835 3257 1897 3318 δὲ
