2184 3517
277 135 569 201 149—150]
917 138 1244 203 ETTEPHH.
1256 141 1261 148 ’
1794 137 1888 187 183

276 215 375 277 καὶ
399 214 469 277 ro*
497 215 615 276 κατ’
643 215 840 279 ὕδατος
867 215 1227 295 οἰκοδόμηται
1260 215 1447 293 ἕτερον
1481 218 1744 276 τοσοῦτο·
1798 215 1892 275 καὶ

279 303 369 364 ἐπ’
402 303 763 382 α’μφοτέρῃσι
794 303 988 363 ἔπεστι
1019 297 1309 366 κολοσσός
1339 303 1552 366 λίθινος
1588 301 1895 380 κατήμενος

280 397 343 451 ἐν
369 391 568 472 θρόνῳ.
650 389 819 470 (οὕτω
855 393 913 450 αἱ
948 392 1052 467 μὲν
1084 390 1390 468 πυραμίδες
1429 392 1541 449 εἰσὶ
1581 390 1777 451 ἐκατὸν
1802 389 1894 469 ὄρ·

278 480 496 561 γυιέων,
538 482 598 539 αἱ
637 477 684 538 δ’
732 477 930 538 ἐκατόν
972 477 1193 558 ὀργυιαὶ
1241 477 1477 537 δίκαιαί
1503 481 1616 537 εἰσι
1662 477 1896 538 στάδιον

280 566 649 645 ἑξάπλεθρον·
690 565 957 636 ἑξαπέδου
992 568 1098 642 μὲν
1122 569 1224 642 τῆς
1264 565 1493 647 ὀργυιῆς
1526 566 1896 643 μετρεομένης

282 656 379 714 καὶ
416 653 814 733 τετραπήχεος·
867 656 980 714 τῶν
1017 653 1207 714 ποδῶν
1245 656 1350 730 μὲν
1396 654 1896 731 τετραπαλαίστων

283 741 500 813 ἐόντων,
525 747 628 802 τοῦ
653 743 713 801 δὲ
737 741 950 820 πήχεος
988 741 1453 822 ἑξαπαλαίστου.)
1557 767 1625 802 το
1664 742 1724 800 δὲ
1749 740 1893 819 ὕδωρ

281 828 351 890 τό
379 834 438 890 ἐν
462 834 534 909 τῇ
560 829 733 908 λίμνῃ
760 829 1044 909 αυθιγενὲς
1068 832 1174 907 μὲν
1201 829 1302 889 οὐκ
1334 831 1476 890 ἔστι·
1519 828 1751 906 ἄνυδρος
1779 855 1893 910 γαρ

259 916 357 993 ’δη
391 917 578 981 δεινῶς
613 918 739 978 ἐστὶ
776 943 972 996 ταυτῃ·
1014 922 1076 977 ἐκ
1116 921 1219 978 τοῦ
1254 918 1471 977 Νείλου
1507 918 1568 977 δε
1599 944 1740 978 κατα
1776 917 1894 977 διώ·

286 1031 435 1085 ρυχα
486 1009 739 1081 ἐσῆκται,
790 1005 882 1064 καὶ
926 1005 989 1076 ἐξ
1026 1008 1133 1082 μὲν
1171 1009 1352 1083 μῆνας
1392 1006 1502 1064 ἔσω
1544 1006 1657 1082 ῥέει
1699 1009 1756 1068 ἐς
1794 1005 1898 1082 τὴν

284 1094 495 1170 λίμνην
531 1094 595 1164 ἐξ
627 1094 689 1153 δὲ
729 1095 910 1170 μῆνας
951 1092 1054 1162 ἔξω
1097 1096 1154 1156 ἐς
1190 1093 1292 1154 τόν
1331 1096 1547 1152 Νεῖλον
1586 1091 1760 1156 αὖτις·
1801 1093 1896 1151 καὶ

288 1181 460 1242 ἐπεοῖν
482 1183 589 1258 μὲν
616 1183 776 1260 ἐκρέῃ
804 1181 923 1251 ἔξω,
948 1179 987 1256 ἦ
1015 1180 1076 1240 δὲ
1102 1180 1231 1241 τότε
1252 1179 1408 1261 [τοῦς
1432 1180 1495 1249 ἓξ
1516 1178 1717 1261 μῆνας]
1748 1184 1807 1243 ἐς
1827 1180 1897 1240 τὸ

286 1269 604 1345 βασιλήϊον
630 1268 985 1346 καταβάλλει
1012 1267 1097 1327 ἐπ’
1115 1268 1329 1346 ἦμέρην
1356 1267 1597 1344 ἑκάστην
1618 1266 1898 1328 τάλαντον

289 1356 565 1469 ἀργυρίου
599 1362 661 1417 ἐκ
692 1360 806 1418 τῶν
845 1355 1066 1436 ἰχθύων,
1111 1355 1280 1416 ἐπεοῖν
1318 1356 1377 1415 δὲ
1418 1355 1547 1435 ἐσίῃ
1570 1354 1638 1416 τὰ
1673 1354 1816 1434 ὕδωρ
1843 1361 1899 1419 ἐς

289 1444 480 1521 αὐτὴν,
512 1445 693 1505 ε’ίκοσι
722 1444 910 1521 μνέας.
981 1442 1230 1525 Ἔλεγον
1265 1443 1326 1503 δε
1360 1447 1414 1504 οἰ
1441 1443 1726 1523 ἐπιχώριοι
1761 1471 1854 1504 και
1833 1445 1992 1504 150

290 1558 363 1596 ως
389 1538 445 1597 ἐς
469 1559 575 1608 την
603 1532 807 1610 Σύρτιν
829 1557 936 1608 την
961 1536 1020 1591 ἐν
1044 1531 1238 1612 Λιβύῃ
1266 1531 1532 1592 ἐκδιδοῖ
1493 1558 1530 1608 η
1558 1533 1733 1609 λίμνη
1757 1531 1898 1609 αὕτη

289 1646 401 1680 υπο
427 1624 556 1702 γῆν,
581 1621 933 1699 τετραμμένη
957 1619 1025 1680 τὸ
1062 1619 1204 1699 πρός
1240 1621 1483 1698 εσπέρην
1511 1624 1566 1684 ἐς
1598 1619 1704 1696 τὴν
1727 1619 1899 1697 μεσό-

287 1733 458 1789 γαιαν
488 1707 644 1786 παροὶ
677 1708 745 1769 τὸ
779 1706 909 1785 ὅρος
945 1733 1013 1769 το
1049 1707 1191 1786 υπὲρ
1232 1708 1518 1785 Μέμφιος
1601 1708 1726 1767 ἐπεί
1750 1733 1814 1768 τε
1838 1708 1900 1767 δὲ

289 1800 393 1856 τοῦ
417 1796 737 1878 ορύγματος
770 1795 972 1856 τούτου
1004 1822 1106 1856 ουκ
1149 1795 1319 1873 ὥρεον
1347 1821 1449 1856 τον
1482 1799 1623 1874 χοῦν
1655 1793 1900 1872 οὖδαμου

293 1882 472 1955 ἐόντα,
514 1886 801 1965 (ἐπιμελες
836 1883 949 1965 γσῖρ
985 1883 1057 1959 δή
1096 1909 1198 1961 μοι
1230 1883 1344 1965 ἧν,)
1373 1883 1600 1961 εἰρόμην
1638 1883 1768 1947 τούς
1801 1881 1899 1964 ἅγ-

291 1997 470 2051 χιστα
523 1973 802 2035 οἰκέοντας
853 1976 956 2048 τῆς
1007 1973 1227 2049 λίμνης,
1282 1971 1416 2033 ὅκου
1465 1973 1551 2047 εἴη
1602 1998 1634 2031 ο
1680 1975 1815 2051 χοῦς
1865 1970 1900 2031 ὁ

295 2059 631 2140 ἐξορυχθείς·
685 2064 741 2120 οἰ
781 2060 843 2120 δε
885 2059 1144 2137 ἔφρασάν
1177 2085 1278 2137 μοι
1314 2060 1403 2120 ἵνα
1439 2059 1771 2136 ἐξεφορήθη,
1808 2059 1902 2118 καὶ

297 2147 565 2211 εὐπετέως
604 2148 842 2209 ἔπειθον·
883 2146 1021 2227 ᾔδεα
1058 2147 1172 2228 γὰρ
1212 2146 1368 2227 λόγῳ
1407 2148 1501 2206 καὶ
1540 2151 1600 2207 ἐν
1638 2148 1793 2227 Νίνῳ
1828 2150 1904 2226 τῇ

293 2233 615 2312 Ἀσσυρίων
649 2235 790 2296 πόλι
823 2235 1123 2316 γενόμενον
1159 2234 1344 2312 ἕτερον
1379 2238 1620 2294 τοιοῦτο·
1676 2233 1750 2294 τοὶ
1790 2235 1902 2316 γὰρ

298 2323 785 2401 Σαρδαναπάλλου
810 2329 910 2384 τοῦ
931 2325 1110 2385 Νίνου
1128 2323 1410 2401 βασιλέος
1432 2321 1713 2401 χρήματα,
1742 2322 1905 2383 ἐόντα

296 2412 524 2492 μεγάλα
565 2412 658 2471 καὶ
694 2412 1113 2489 φυλασσόμενα
1155 2417 1213 2472 ἐν
1254 2412 1596 2489 θησαυροῖσι
1641 2412 1904 2492 καταγαί-

298 2523 435 2569 οισι,
476 2498 787 2576 ἐπενόησαν
824 2504 1047 2564 κλῶπες
1079 2504 1418 2577 ἐκφορῆσαι·
1480 2504 1540 2558 ἐκ
1577 2497 1645 2574 δὴ
1679 2496 1753 2558 ὦν
1793 2502 1906 2560 τῶν

297 2587 590 2666 σφετέρων
612 2587 795 2648 οἰκίων
820 2587 1121 2665 ἀρξάμενοι
1141 2591 1195 2647 οἱ
1214 2592 1447 2659 κλῶπες,
1465 2586 1576 2647 ὖπό
1600 2590 1710 2669 γῆν
1731 2587 1903 2648 σταθ-

296 2674 563 2752 μεόμενοι
608 2680 666 2740 ἐς
715 2676 788 2736 τοὶ
834 2675 1124 2752 βασιλήῖα
1165 2676 1312 2735 οἰκία
1365 2675 1636 2754 ὅρυσσον·
1702 2675 1807 2737 τᾶν
1841 2675 1903 2736 δὲ

297 2766 441 2843 χοῦν
475 2763 577 2825 τᾶν
618 2763 1028 2842 ἐκφορεόμενον
1052 2769 1115 2824 ἐκ
1147 2768 1250 2825 τοῦ
1286 2763 1616 2847 ὅρύγματος,
1645 2762 1784 2829 ὅκως
1813 2763 1908 2845 γέ-

297 2876 454 2912 νοιτο
492 2851 609 2922 νῦξ,
640 2856 696 2916 ἐς
730 2853 831 2913 τόν
863 2853 1058 2934 Τίγριν
1089 2852 1346 2930 ποταμὸν
1374 2851 1763 2931 παραρρέοντα
1801 2849 1907 2927 τήν

297 2943 486 3000 Νῖνον
526 2940 843 3018 ἐξεφόρεον·
912 2945 969 3004 ἐς
1014 2939 1049 3000 ὃ
1097 2939 1516 3021 κατεργάσαντο
1562 2940 1594 3000 ὅ
1640 2964 1697 2999 τι
1744 2938 1907 3017 ἐβού-

296 3030 494 3087 λοντο.
575 3033 830 3089 τοιοῦτον
858 3054 1044 3105 ετερον
1068 3054 1289 3103 ηκουσα
1317 3028 1408 3085 καὶ
1433 3027 1499 3087 τό
1526 3030 1628 3103 τῆς
1654 3032 1713 3087 ἐν
1738 3026 1908 3108 Αἰγύ-

296 3137 422 3194 πτῳ
448 3116 651 3193 λίμνης
678 3116 897 3198 ὄρυγμα
917 3115 1200 3196 γενέσθαι·
1242 3114 1396 3189 πλὴν
1423 3112 1488 3172 οὗ
1514 3113 1726 3184 νυκτός,
1753 3113 1910 3173 α’λλσὶ

297 3202 422 3280 μετ’
457 3203 675 3281 ἡμέρην
713 3202 1059 3281 ποιεύμενον·
1113 3201 1461 3279 ὀρύσσοντας
1491 3200 1604 3283 γὰρ
1633 3200 1736 3263 τὸν
1769 3204 1911 3282 χοῦν

296 3290 435 3364 τοῦς
470 3292 809 3373 Αἰγυπτίους
845 3297 902 3355 ἐς
935 3289 1037 3352 τᾶν
1067 3294 1282 3351 Νεῖλον
1313 3290 1556 3366 φορέειν·
1597 3288 1632 3350 ὅ
1671 3289 1749 3362 δὲ,
1774 3289 1910 3351 ὕπο-
