2184 3517
76 1039 87 1082 ς
152 1011 169 1058 ἔ

94 1179 195 1208 Ὓ-ι

307 108 369 152 4-3
914 106 1281 166 ἨΡΟΔΟΤΟΤ
1837 105 1909 169 [I.

309 184 388 244 ἔτι
424 185 512 243 καὶ
551 190 607 251 ἐς
641 189 740 264 ἐμὲ
773 186 924 263 ἦσαν
960 188 1050 248 ἐπὶ
1083 191 1185 248 τοῦ
1219 185 1473 264 σήματος
1507 184 1636 246 ἅνω·
1670 186 1771 245 καί
1801 193 1916 262 σφι

305 271 612 352 γράμματα
653 275 1067 346 ἐνεκεκόλαπτο,
1111 274 1182 335 τοὶ
1240 276 1468 334 ἕκαστοι
1517 273 1912 354 ἐξεργάσαντο·

311 359 403 417 καὶ
435 362 693 436 ἐφαίνετο
731 363 1101 439 μετρεόμενον
1130 363 1196 422 τὸ
1238 367 1346 423 τῶν
1386 360 1721 423 παιδισκέων
1753 363 1917 442 ἔργον

309 445 402 506 ἐὰν
418 448 709 528 μέγιστον.
767 455 868 509 τοῦ
888 450 997 531 γοὶρ
1026 450 1095 526 δή
1117 450 1314 509 Λυδῶν
1335 449 1514 526 δήμου
1541 452 1598 507 αἱ
1621 450 1916 529 θυγατέρες

260 554 264 556 ‘
309 535 668 610 πορνεύονται
701 540 885 597 πᾶσαι
917 539 1308 619 συλλέγουσαι
1340 540 1517 613 σφίσι
1545 537 1766 614 φερνὰς,
1797 541 1850 601 ἐς
1882 535 1916 598 ὃ

310 618 378 680 ἂν
403 623 785 700 συνοικήσωσι
810 630 975 686 τοῦτο
1002 627 1315 685 ποιέουσαι·
1359 623 1641 685 ἐκδιδόασι
1668 625 1728 684 δὲ
1754 624 1915 685 αὖταὶ

310 710 526 773 ἑωυτάς.
589 711 628 787 ἦ
645 714 749 788 μὲν
775 712 843 790 δὴ
871 714 1127 790 περίοδος
1152 718 1253 773 τοῦ
1274 713 1527 790 σήματος
1556 712 1666 771 εἶσὶ
1694 712 1915 773 στάδιοι

310 796 373 866 ἐξ
397 798 488 855 καὶ
514 796 612 858 δύο
638 801 877 878 πλέθρα·
910 802 979 862 τὸ
1008 803 1066 860 δὲ
1097 801 1253 879 εὖρός
1280 807 1403 861 ἐστι
1428 800 1650 878 πλέθρα
1668 801 1912 878 τριακαί-

308 884 458 943 δεκα.
540 887 713 963 λίμνη
755 889 815 947 δὲ
855 890 1038 968 ἔχεται
1080 894 1183 950 τοῦ
1229 890 1484 967 σήματος
1526 888 1766 970 μεγάλη,
1807 888 1912 964 τήν

305 972 544 1053 λέγουσι
574 965 747 1033 Λυδοὶ
789 975 1010 1037 ἀείναον
1044 978 1201 1038 εἶναι·
1244 980 1504 1037 καλέεται
1544 977 1605 1035 δὲ
1636 976 1775 1053 αὕτη
1807 983 1914 1037 Γυ-

308 1061 459 1140 γαίη.
527 1066 694 1135 τοῦτο
720 1066 823 1141 μὲν
849 1065 1168 1141 δῆτοιοῦτό
1195 1071 1335 1125 ἐστι.

210 1148 288 1206 94
387 1150 562 1208 Λυδοὶ
589 1150 648 1209 δὲ
675 1152 901 1229 νόμοισι
917 1156 1024 1230 μὲν
1043 1153 1498 1231 παραπλησίοισι
1522 1153 1792 1232 χρέωνται
1819 1154 1912 1212 καὶ

295 1234 594 1313 Ἕλληνες·
659 1242 828 1318 χωρὶς
853 1239 889 1317 ἢ
919 1240 1006 1302 ὅτι
1038 1241 1111 1301 τοὶ
1139 1241 1317 1317 θήλεα
1342 1243 1509 1301 τέκνα
1545 1240 1912 1318 καταπορνεύ-

307 1350 454 1383 ουσι.
509 1330 719 1401 πρῶτοι
740 1327 799 1386 δὲ
820 1327 1138 1404 ἀνθρώπων,
1159 1333 1268 1388 τῶν
1288 1328 1447 1405 ἡμεῖς
1466 1329 1639 1404 ἴδμεν,
1658 1328 1912 1406 νόμισμα

304 1417 521 1488 χρυσοῦ
558 1413 650 1471 καὶ
689 1412 934 1495 ἀργύρου
972 1415 1280 1494 κοψάμενοι
1323 1421 1658 1494 ἐχρησαντο·
1699 1420 1911 1492 πρῶτοι

306 1498 365 1556 δὲ
394 1500 485 1556 καὶ
513 1498 759 1577 κάπηλοι
788 1503 1060 1582 ἐγένοντο.
1146 1503 1295 1578 φασὶ
1322 1504 1383 1561 δὲ
1414 1502 1571 1562 αὐτοὶ
1597 1502 1786 1573 Λυδοὶ,
1815 1505 1912 1562 καὶ

304 1584 405 1649 τοῖς
431 1588 688 1668 παιγνίας
704 1587 806 1652 τοὶς
831 1593 929 1649 νῦν
945 1590 1124 1666 σφίσι
1141 1616 1203 1649 τε
1225 1588 1316 1649 καὶ
1330 1589 1586 1665 ”Ελλησι
1606 1590 1911 1649 κατεστεώ-

304 1699 412 1736 σας
454 1677 665 1735 ἑωυτῶν
706 1676 980 1756 ἐξεύρημα
1020 1678 1303 1759 γενέσθαι·
1345 1676 1463 1755 ἅμα
1506 1678 1566 1737 δὲ
1604 1676 1808 1741 ταύτας
1844 1704 1909 1738 τε

305 1762 652 1839 ἐξευρεθῆναι
715 1764 868 1843 παροὶ
922 1767 1099 1841 σφίσι
1151 1766 1389 1847 λέγουσι
1444 1766 1536 1824 καὶ
1594 1767 1909 1844 Τυρσηνίην

304 1848 615 1910 ἀποικίσαι·
657 1850 762 1912 ὦδε
787 1854 916 1932 περὶ
942 1852 1124 1914 αὐτῶν
1149 1854 1430 1934 λέγοντες·
1471 1854 1561 1913 ἐπὶ
1577 1852 1783 1917 Ἄτυος
1805 1857 1908 1914 τοῦ

306 1938 511 1998 Μάνεω
535 1941 814 2015 βασιλέος
841 1942 1132 2019 σιτοδηΐην
1166 1940 1402 2021 ἰσχυρὴν
1429 1940 1535 2002 οἶναῖ
1569 1940 1674 2022 τήν
1697 1942 1908 2018 Λυδίην

304 2028 499 2084 πᾶσαν
539 2029 822 2107 γενέσθαι·
865 2030 958 2088 καὶ
989 2030 1119 2093 τοῦς
1149 2029 1364 2092 Λυδούς
1398 2029 1531 2092 τέως
1559 2032 1664 2105 μὲν
1699 2029 1908 2110 διάγειν

303 2114 692 2190 λιπαρέοντας·
719 2117 861 2194 μετοὶ
882 2118 958 2188 δὲ,
978 2117 1048 2181 ῶς
1069 2117 1135 2177 οὗ
1155 2116 1452 2186 παύεσθαι,
1469 2116 1607 2176 ἄκεα
1627 2118 1906 2192 δίζησθαι·
1963 2169 1980 2180 s
2013 2163 2034 2178 ,-

304 2199 487 2262 ἄλλον
533 2203 595 2262 δὲ
633 2203 782 2264 ἄλλο
825 2207 1282 2285 ἐπιμηχανᾶσθαι
1323 2204 1519 2264 αὐτῶν·
1563 2206 1908 2282 ἐξευρεθῆναι

310 2287 379 2364 δή
409 2288 481 2350 ὧν
506 2291 635 2351 τότε
663 2295 755 2352 καὶ
781 2298 891 2353 τῶν
932 2294 1121 2370 κύβων
1149 2295 1241 2353 καὶ
1274 2297 1385 2353 τῶν
1413 2292 1787 2374 ἀστραγάλων
1815 2294 1908 2352 καὶ

303 2381 405 2453 τῆς
441 2381 692 2457 σφαίρης
729 2382 821 2441 καὶ
855 2386 966 2442 τῶν
1001 2380 1223 2442 οἷλλέων
1252 2383 1478 2441 πασέων
1506 2382 1801 2461 παιγνιέων
1834 2382 1909 2442 τὰ

306 2466 451 2525 εἴδεα
487 2467 641 2544 πλήν
679 2474 930 2530 πεσσῶν·
971 2469 1182 2530 τούτων
1220 2470 1330 2551 γοίρ
1374 2468 1448 2529 ὧν
1485 2468 1591 2545 τήν
1631 2467 1909 2546 ἐξεύρεσιν

306 2554 406 2613 οὐκ
434 2560 768 2632 οἰκηῖοὓνται
786 2558 979 2617 Λυδοί·
1005 2558 1213 2619 ποιέειν
1232 2558 1292 2617 δὲ
1319 2556 1423 2617 ὦδε
1447 2557 1590 2635 πρὸς
1615 2556 1714 2617 τὸν
1739 2556 1907 2633 λιμόν

307 2642 642 2719 ἐξευρόντας·
711 2645 815 2722 τήν
866 2648 970 2723 μὲν
1024 2646 1214 2724 ἑτέρην
1259 2650 1370 2707 τῶν
1407 2644 1656 2723 η’μερέων
1694 2647 1911 2717 παίζειν

304 2733 497 2790 πᾶσαν
544 2731 633 2791 ἵνα
680 2731 747 2808 δή
789 2732 872 2810 μή
928 2734 1172 2811 ζητέοιεν
1224 2735 1398 2794 σιτία·
1459 2733 1564 2808 τὴν
1617 2733 1677 2793 δὲ
1719 2731 1911 2810 ἑτέρην

309 2818 600 2878 σιτέεσθαι
624 2822 970 2899 παυομένους
987 2826 1098 2882 τῶν
1115 2822 1428 2904 παιγνιέων·
1468 2821 1700 2901 τοιούτῳ
1718 2821 1909 2901 τρόπῳ

305 2905 514 2987 διάγειν
551 2905 634 2965 ἐπ’
679 2908 805 2969 ἔτεα
829 2910 969 2970 δυῶν
988 2910 1205 2978 1δέοντα
1237 2910 1435 2969 εἴκοσι·
1478 2909 1603 2969 ἐπεί
1625 2936 1687 2969 τε
1720 2909 1781 2967 δὲ
1808 2908 1909 2969 οὔκ

306 2992 515 3055 ἀνιέναι
551 2995 619 3056 τὰ
661 2996 832 3058 κακόν
871 2997 1003 3057 ἀλλ’
1044 2999 1136 3057 ἐπὶ
1181 3001 1408 3075 μᾶλλον
1449 2998 1530 3056 ἔτι
1581 2996 1906 3072 βιάζεσθαι,

306 3079 447 3141 οὕτω
489 3083 557 3158 δή
597 3083 698 3145 τόν
734 3087 989 3161 βασιλέα
1031 3083 1225 3154 αὐτῶν,
1269 3084 1367 3143 δύο
1405 3082 1607 3159 μοίρας
1647 3082 1908 3143 διελόντα

306 3169 503 3230 Λυδῶν
536 3171 771 3242 πάντων,
808 3177 1099 3249 κληρῶσαι
1137 3171 1242 3247 τήν
1266 3173 1371 3246 μὲν
1397 3170 1489 3229 ἐπὶ
1526 3174 1675 3249 μονῇ
1708 3170 1814 3247 τὴν
1846 3172 1910 3231 δὲ

306 3257 399 3315 ἐπὶ
420 3258 588 3338 ἐξόδῳ
615 3264 676 3318 ἐκ
701 3264 801 3335 τῆς
825 3260 1025 3339 χώρης·
1069 3260 1162 3318 καὶ
1189 3258 1281 3318 ἐπὶ
1304 3261 1408 3336 μὲν
1431 3262 1505 3338 τῇ
1523 3260 1710 3337 μένειν
1735 3258 1910 3321 αὐτοῦ
