2184 3517
257 72 1227 127 64·HPOAO'1'0'1·

257 161 445 235 Κῦρος
469 155 822 234 παραλαβών
846 152 944 215 τᾶν
968 152 1149 235 λαγὸν
1173 152 1463 231 ανέσχισε·
1506 149 1676 230 εὖρων
1708 150 1827 211 δὲ’
1801 176 1863 210 εν

259 244 404 323 αὐτῷ
452 244 518 304 τό
568 244 810 320 βιβλίον
862 241 1011 302 ἐνεὸν
1060 239 1260 316 λαβων
1307 240 1625 320 ἐπελέγετο·
1676 237 1750 298 τοὶ
1801 238 1864 298 δὲ

259 332 561 414 γράμματα
603 332 763 412 ἔλεγε
799 329 950 389 τάδε·
993 338 1029 364 “
1046 327 1088 387 ὦ
1119 332 1226 387 παῖ
1262 326 1611 403 Καμβύσεω,
1647 329 1717 387 σὲ
1749 326 1862 406 γὰρ

261 421 379 481 θεοὶ
421 419 711 496 ἐπορέωσι·
753 444 818 477 ου
854 416 966 499 γοὶρ
1006 414 1074 477 ἄν
1117 441 1245 476 κοτε
1285 420 1340 477 ἐς
1377 419 1651 490 τοσοῦτον
1688 413 1866 492 τύχης

261 507 477 568 οἷπίκευ·
518 532 593 566 συ
622 510 720 566 νῦν
742 503 1061 586 Ἀστυάγεα
1083 503 1185 564 τόν
1209 507 1454 564 σεωυτοῦ
1482 503 1661 579 φονέα
1683 503 1863 562 τίσαι·

263 595 404 655 κατὰ
426 596 530 671 μὲν
559 592 670 673 γὰρ
694 592 799 670 τήν
828 591 1026 653 τούτου
1058 591 1683 670 προθυμίηντέθνηκας,
1708 590 1775 651 τό
1802 591 1867 650 δὲ

264 682 405 743 κατοὶ
449 680 608 745 θεούς
648 707 712 741 τε
759 682 852 740 καὶ
894 683 990 758 ἐμὲ
1033 681 1260 757 περίεις·
1309 678 1384 739 τά
1428 704 1500 739 σε
1545 680 1638 738 καὶ
1680 677 1867 738 πάλαι

263 771 434 831 δοκέω
471 769 655 830 πάντα
696 769 1149 846 ἐκμεμαθηκέναι,
1186 768 1289 828 σέο
1324 793 1388 827 τε
1421 765 1592 826 αὐτοῦ
1625 767 1755 845 πέρι
1792 766 1869 828 ὦς

265 857 520 937 ἐπρήχθη
557 858 648 917 καὶ
685 857 777 917 οἶα
813 856 921 937 ἐγῶ
953 855 1063 915 ὖπὸ
1091 854 1436 936 Ἀστυάγεος
1469 855 1740 925 πέπονθα,
1778 853 1868 915 ὅτι

267 971 338 1006 σε
363 972 462 1005 ουκ
488 945 781 1006 απέκτεινα
807 944 960 1004 οἷλλοὶ
988 944 1161 1004 ἔδωκα
1190 947 1268 1023 τῷ
1297 941 1581 1023 βουκόλῳ.
1662 969 1737 1002 συ
1768 946 1869 1003 νῦν

265 1033 335 1110 ἢν
364 1033 554 1113 βούλῃ
587 1034 711 1112 ἐμοὶ
747 1033 1058 1103 πείθεσθαι,
1088 1036 1311 1108 τῆσπερ
1348 1029 1669 1112 Ἀστυάγης
1706 1029 1872 1109 ἄρχει

265 1121 449 1200 χώρης
463 1121 666 1199 ταύτης
679 1120 904 1197 ἁπάσης
918 1118 1119 1198 ἄρξεις.
1185 1119 1418 1196 Πέρσας
1432 1118 1544 1201 γὰρ
1560 1118 1871 1182 α’ναπείσας

265 1209 618 1272 σ’πίστασθαι
643 1207 1083 1288 στρατηλάτεε’
1057 1207 1151 1267 επὶ
1174 1206 1423 1283 Μήδους·
1456 1207 1549 1266 καὶ
1578 1204 1651 1282 ἦν
1671 1231 1735 1266 τε
1759 1202 1872 1288 ἐγω

266 1297 376 1359 ὖπό
393 1297 734 1380 Ἀστυάγεος
759 1296 1053 1375 οἷποδεχθῶ
1079 1293 1396 1376 στρατηγὸς
1420 1293 1580 1355 οἷντία
1601 1320 1723 1366 σευ,
1746 1295 1872 1355 ἔστι

267 1411 357 1445 τοι
394 1386 468 1446 τοὶ
507 1385 581 1445 σύ
622 1383 878 1462 βούλεαι,
920 1382 992 1459 ἥν
1029 1409 1094 1443 τε
1133 1387 1244 1444 τῶν
1281 1407 1367 1444 τις
1407 1382 1646 1459 δοκίμων
1667 1383 1671 1387 ’
1690 1382 1874 1447 ἄλλος

267 1472 518 1584 Μήδων·
540 1477 752 1551 πρῶτοι
790 1471 902 1551 γὰρ
945 1469 1098 1531 οὗτοι
1137 1469 1487 1534 οἷποστάντες
1526 1469 1623 1529 ἀπ’
1664 1466 1875 1531 ἐκείνου

228 1559 232 1563 Δ
274 1562 366 1621 καὶ
387 1559 676 1643 γενόμενοι
699 1584 840 1637 προς
864 1560 985 1631 σέο,
1002 1558 1323 1640 Ἀστυάγεα
1348 1559 1655 1635 καταιρέειν
1679 1558 1875 1637 πειρή-

273 1673 487 1710 σονται·
531 1648 603 1711 ὥς
643 1646 717 1708 ὦν
758 1648 979 1725 ἑτοίμου
1016 1652 1119 1734 τοῦ
1138 1663 1226 1754 ’,γε
1262 1646 1455 1707 ἐνθάδε
1494 1645 1680 1709 ἐόντος
1717 1648 1877 1709 ποίεε

270 1762 462 1808 ταυτα,
491 1736 582 1796 καὶ
605 1737 760 1796 ποίεε
785 1734 924 1795 κατοὶ
947 1726 1171 1815 τάχος.”

94 1817 144 1857 ’Δ
183 1827 295 1884 125
351 1823 631 1887 Ἀκουσας
659 1827 837 1884 ταῦτα
875 1850 908 1883 ο
948 1828 1152 1901 Κῦρος,
1192 1822 1552 1901 ἐφρόντιζε.”
1519 1849 1655 1904 οτεῳ
1684 1823 1877 1905 τρόπῳ

275 1912 584 1993 σοφωτάτῳ
610 1913 842 1990 Πέρσας
864 1910 1154 1972 ἀναπείσει
1169 1909 1540 1972 οἷπίστασθαι·
1567 1913 1880 1990 φροντίζων

275 2002 336 2061 δὲ
362 2001 673 2078 εὑρίσκεται
696 2004 873 2060 ταῦτα
900 1999 1234 2077 καιριώτατα
1253 1999 1410 2060 εἶναι·
1439 2001 1621 2060 ἐποίεε
1644 2000 1705 2059 δὲ
1722 2000 1877 2060 τάδε·

274 2088 549 2171 γράψας’
522 2114 577 2152 ες
593 2089 842 2166 βιβλίον
863 2113 935 2148 τα
962 2087 1252 2165 ἐβουλετο,
1280 2088 1447 2165 ἁλίην
1470 2093 1582 2149 τῶν
1606 2090 1880 2167 Περσέων

276 2176 601 2254 ἐποιήσατο·
641 2175 785 2254 μετὰ
815 2177 891 2248 δε,
923 2175 1237 2247 ἀναπτύξας
1264 2203 1332 2237 το
1362 2177 1606 2254 βιβλίον
1637 2180 1730 2236 καὶ
1760 2182 1880 2237 ἐπι-

275 2266 590 2348 λεγόμενος,
629 2266 739 2342 ἔφη
773 2263 1094 2346 Ἀστυάγεα
1127 2290 1225 2341 μιν
1252 2263 1573 2347 στρατηγὸν
1608 2265 1882 2343 Περσέων

276 2353 674 2425 ἀποδεικνύναι,
723 2362 760 2389 “
775 2357 873 2413 νῦν
920 2352 1032 2423 τε,”
1081 2355 1192 2428 ἔφη
1242 2352 1438 2434 λέγων,
1485 2361 1522 2388 “
1538 2351 1582 2412 ὦ
1633 2354 1879 2431 Πέρσαι,

276 2442 635 2525 προαγορεύω
654 2442 785 2519 ὑμῖν
803 2444 1060 2518 παρεῖναι
1079 2441 1316 2501 ἕκαστον
1337 2440 1536 2519 ἔχοντα
1555 2440 1884 2518 δρέπανον.’“

280 2536 468 2608 Κῦρος
499 2534 603 2607 μὲν
631 2534 809 2590 ταῦτα
837 2527 1243 2609 προηγόρευσε.
1323 2527 1472 2608 (ἔστι
1511 2529 1571 2588 δὲ
1611 2531 1885 2607 Περσέων

281 2617 466 2695 συχνοὶ
503 2618 686 2699 γένεα·
729 2616 821 2675 καὶ
849 2615 922 2676 τοὶ
951 2618 1054 2693 μὲν
1095 2615 1273 2676 αὐτῶν
1306 2616 1338 2676 ὁ
1375 2621 1564 2694 Κῦρος
1595 2607 1886 2680 ’συνάλισε

282 2706 375 2764 καὶ
401 2704 660 2765 οἷνέπεισε
691 2703 1044 2764 ἀπίστασθαι
1076 2702 1189 2765 σῖπό
1221 2703 1451 2780 Μήδων·
1486 2705 1608 2765 ἔστι
1640 2706 1701 2765 δὲ
1728 2705 1884 2780 τάδε,

282 2793 345 2863 ἐξ
377 2791 450 2854 ὧν
482 2791 660 2853 ὧλλοι
691 2791 953 2855 πάντες’
917 2790 1181 2870 αρτέαται
1205 2791 1449 2869 Περσαι·
1483 2793 1885 2906 Πασαργάδαι,

281 2879 597 2959 Μαράφιοι,
637 2879 918 2940 Μάσπιοι·
999 2880 1212 2940 τούτων
1249 2880 1629 2983 Πασαργάδαι
1666 2882 1780 2941 εἰσὶ
1820 2910 1889 2943 α-

281 2986 485 3038 ριστοι·
513 2967 571 3023 ἐν
600 2965 754 3022 τοῖσι
785 2962 877 3019 καὶ
898 2960 1284 3040 Ἀχαιμενίδαι
1314 2963 1428 3021 εισὶ
1458 2961 1701 3040 φρήτρη,
1729 2963 1892 3025 ενθεν

285 3052 340 3107 οἱ
369 3049 642 3124 βασιλέες
675 3052 728 3109 οἳ
752 3049 1059 3125 Περσεῖδαι
1080 3046 1372 3130 γεγόνασι.
1451 3047 1626 3109 αλλοι
1649 3050 1712 3109 δὲ
1734 3050 1892 3129 Πέρ-

288 3159 389 3193 σαι
414 3137 525 3195 εἰσὶ
544 3137 675 3196 οἶδε·
743 3135 1139 3205 Πανθιαλαῖοι,
1162 3141 1546 3212 Δηρουσιαῖοι,
1564 3137 1892 3216 Γερμάνιοι·

288 3218 441 3279 οὗτοι
463 3224 567 3295 μὲν
588 3221 791 3284 πάντες
817 3220 1086 3298 οἷροτῆρές
1118 3225 1246 3293 εἶσι,
1272 3226 1327 3282 οἱ
1352 3224 1413 3283 δὲ
1435 3223 1606 3285 ἄλλοι
1629 3226 1893 3305 νομάδες·

2115 0 2173 1652 *um*
