2184 3517
342 122 406 170 58
956 119 1324 170 ‘HPOAo'ro'r
1875 117 1947 183 [1.

343 200 541 277 ἔτρεφε
564 198 603 275 ἦ
627 198 769 281 γυνὴ
790 202 894 260 τοῦ
918 198 1223 277 βουκόλου,
1247 195 1458 274 οὕνομα
1477 195 1629 257 ἄλλο
1656 196 1755 258 κού
1778 222 1835 258 τι
1855 199 1951 259 καὶ

248 288 365 348 114
383 313 447 347 ου
474 292 685 364 Κῦρον
693 287 915 364 θεμένη.
1000 284 1175 345 Καὶ
1143 311 1237 345 οτε
1264 283 1395 359 δή’
1358 310 1429 360 ην
1454 284 1771 360 δεκαέτης“
1739 311 1772 344 ο
1797 289 1948 357 παῖς,

330 375 573 457 ῗρῆγῖα
626 380 682 439 ἐς
726 374 894 435 αὗτόν
945 374 1158 434 τοιόνδε
1203 372 1505 454 γενόμενον
1552 372 1786 451 ἐξέφηνέ
1828 400 1947 450 μεν·

343 464 529 534 ἔπαιζε
556 468 614 523 ἐν
632 468 704 542 τῇ
726 462 881 542 κώμῃ
900 462 1074 539 ταύτῃ
1097 467 1155 521 ἐν
1180 466 1252 539 τῇ
1269 459 1419 537 ἦσαν
1446 461 1537 518 καὶ
1564 463 1621 519 αἶ
1646 462 1951 537 βουκολίαι

341 549 519 621 αὗται,
554 551 740 622 ἔπαιζε
776 551 835 610 δὲ
870 549 989 627 μετ’
1023 549 1216 609 ἄλλων
1251 548 1461 625 ἧλίκων
1497 553 1555 607 ἐν
1591 547 1717 628 ὁδῷ·
1760 550 1853 609 καὶ
1894 553 1952 612 οἱ

341 637 533 701 παῖδες
550 640 837 709 παίζοντες
855 639 1071 698 εἴλοντο
1094 640 1304 696 ἑωυτῶν
1321 636 1578 713 βασιλέα
1594 635 1732 696 εἶναι
1748 640 1952 698 τοῦτον

342 725 410 801 δὴ
440 725 541 786 τὸν
569 730 669 786 τοῦ
705 724 993 802 βουκόλου
1029 726 1329 801 ἐπίκλησιν
1364 719 1557 783 παῖδα·
1600 723 1632 784 ὁ
1670 724 1730 783 δὲ
1769 723 1951 787 αὐτῶν

342 813 554 884 διέταξε
583 812 712 877 τούς
741 816 845 890 μὲν
877 814 1051 877 οἰκίας
1077 811 1432 889 οἰκοδομέειν,
1459 810 1590 875 τοῦς
1623 811 1683 871 δὲ
1710 811 1949 889 δορυφό-

339 926 469 978 ρους
496 901 650 972 εἶναι,
670 902 769 961 τόν
788 901 851 960 δέ
875 927 973 960 κου
992 900 1116 961 τινὰ
1143 899 1324 960 αὐτῶν
1342 898 1645 976 ὄφθαλμόν
1669 900 1947 975 βασιλέος

343 987 497 1059 εἶναι,
525 993 601 1068 τῷ
626 989 689 1048 δέ
716 1014 824 1048 τινι
847 988 1239 1069 τοὶςᾶγγελίας
1268 988 1528 1063 ἐσφέρειν
1555 987 1735 1046 ἐδίδου
1760 989 1948 1069 γέρας·

342 1074 413 1139 ὥς
450 1076 665 1156 ἑκάστῳ
699 1078 861 1158 ἔργον
891 1075 1294 1155 προστάσσων.
1379 1075 1456 1137 εἷς
1491 1073 1559 1150 δή
1594 1100 1803 1135 τουτων
1834 1080 1950 1138 τῶν

340 1163 570 1224 παιδίων
609 1163 951 1242 συμπαίζων,
990 1163 1094 1224 ε’ὣν
1128 1161 1545 1240 Ἀρτεμβάρεος
1581 1165 1716 1225 παῖς
1750 1161 1950 1241 σ’,νδρός

344 1251 574 1329 δοκίμου
601 1258 659 1316 ἐν
686 1249 956 1328 Μήδοισι,
984 1251 1049 1311 οὗ
1075 1251 1187 1334 γὰρ
1215 1250 1282 1326 δὴ
1312 1251 1543 1326 ἐποίησε
1567 1250 1633 1309 τό
1659 1275 1948 1331 προσταχ-

342 1339 437 1399 θὲν
462 1345 522 1398 ἐκ
546 1344 646 1399 τοῦ
674 1335 882 1417 Κύρου,
911 1339 1133 1399 ἐκέλευε
1157 1337 1330 1398 αὔτὸν
1354 1336 1485 1401 τούς
1509 1337 1722 1401 ἄλλους
1746 1339 1949 1403 παῖδας

341 1426 655 1503 διαλαβεῖν·
696 1427 1036 1504 πειθομένων
1068 1426 1131 1485 δὲ
1161 1430 1272 1485 τῶν
1304 1425 1529 1495 παίδων,
1556 1425 1589 1484 ό
1627 1430 1814 1503 Κῦρος
1846 1426 1950 1487 τᾶν

329 1514 513 1573 παῖδα
538 1515 783 1592 τρηχέως
809 1514 984 1590 κάρτα
1007 1513 1280 1591 περιέσπε
1303 1514 1641 1594 μαστιγέων·
1676 1513 1709 1573 ὁ
1730 1513 1805 1584 δὲ,
1827 1515 1956 1576 ἐπεί

339 1626 403 1661 τε
432 1603 660 1677 μετείθη
690 1599 953 1679 τάχιστα,
982 1601 1053 1664 ὥς
1082 1626 1152 1682 γε
1187 1601 1255 1677 δὴ
1287 1600 1486 1670 ἀνάξια
1519 1604 1722 1660 ἑωυτοῦ
1754 1601 1950 1662 παθών

340 1688 567 1766 μᾶλλόν
595 1714 651 1748 τι
688 1691 1064 1767 περιημέκτεε,
1099 1687 1383 1748 κατελθών
1419 1689 1479 1748 δὲ
1515 1692 1569 1751 ἐς
1604 1687 1774 1748 πόλιν
1807 1688 1951 1765 πρὸς

338 1776 439 1836 τόν
452 1778 667 1853 πατέρα
686 1776 1034 1847 ἀποικτίζετο
1052 1780 1163 1837 τῶν
1180 1775 1291 1835 ὖπό
1313 1775 1505 1853 Κύρου
1523 1774 1749 1852 ἤντησε,
1765 1776 1950 1856 λέγων

342 1863 402 1923 δὲ
439 1863 502 1924 οὗ
540 1863 746 1941 Κύρου,
780 1864 875 1943 (οὗ
904 1864 1016 1945 γάρ
1053 1889 1131 1923 κω
1163 1863 1234 1940 ἦν
1267 1867 1436 1924 τοῦτο
1468 1862 1756 1942 τοῦνομα)
1793 1862 1953 1925 ἀλλὰ

341 1952 482 2029 πρὸς
506 1956 606 2012 τοῦ
631 1952 918 2028 βουκόλου
942 1955 1043 2013 τοῦ
1067 1949 1412 2032 Ἀστυάγεος
1437 1950 1651 2013 παιδός·
1684 1977 1716 2010 ο
1701 1949 1797 2010 δὲ
1819 1950 1949 2029 Ἀρ-

339 2037 692 2148 τεμβάρης’
660 2044 819 2144 οργῇ,
847 2065 920 2103 ως
956 2039 1087 2118 εἶχε,
1117 2039 1297 2098 ἐλθων
1319 2064 1474 2115 παρα
1507 2037 1607 2098 τόν
1629 2037 1952 2120 Ἀστυάγεα

343 2129 437 2186 καὶ
461 2126 579 2205 ἅμα
605 2126 875 2209 ἀγόμενος
897 2126 998 2187 τόν
1022 2124 1277 2197 παῖδα,’
1242 2124 1484 2203 ανάρσια
1508 2124 1815 2206 πρήγματα
1835 2128 1950 2205 ἔφη

342 2215 690 2286 πεπονθέναι,
712 2216 911 2296 λέγων·
946 2214 1033 2251 “’
993 2243 1036 2274 ω
1059 2212 1385 2292 βασιλεῦ,“
1350 2212 1461 2272 υπὸ
1486 2217 1587 2274 τοῦ
1613 2218 1722 2274 σοῦ
1743 2212 1951 2276 δουλου

341 2303 627 2380 βουκόλου
652 2304 713 2363 δὲ
735 2303 933 2367 παιδὸς
953 2300 1059 2363 ὦδε
1078 2300 1581 2380 περιϋβρίσμεθα,”
1594 2301 1828 2380 (δεικνῦς
1845 2308 1951 2364 τοῦ

251 2394 366 2451 115
384 2391 582 2454 παιδος
607 2417 735 2454 τους
763 2389 983 2471 ωμους.)
1063 2389 1343 2452 Ἀκούσας
1374 2390 1434 2448 δε
1466 2389 1559 2448 καὶ
1591 2388 1777 2450 ῑδῶν“
1742 2416 1777 2450 ο
1811 2387 1951 2451 Ἀσ-

341 2479 564 2560 τυάγης,
586 2480 765 2540 θέλων
782 2482 1102 2556 τιμωρῆσαι
1125 2504 1203 2556 τω
1175 2477 1377 2537 *παιδὶ
1401 2480 1567 2554 τιμῆς
1589 2481 1691 2553 τῆς
1713 2476 1951 2555 Ἀρτεμ·

341 2566 548 2643 βάρεος
575 2566 770 2638 εἵνεκα,
796 2567 1184 2643 μετεπέμπετο
1206 2565 1305 2625 τόν
1327 2590 1390 2625 τε
1416 2564 1702 2642 βουκόλον
1727 2565 1822 2625 καὶ
1850 2592 1952 2627 τον

343 2653 537 2712 παῖδα·
579 2655 703 2713 ἐπεί
727 2679 791 2714 τε
815 2653 876 2712 δὲ
899 2658 1168 2730 παρῆσαν
1191 2652 1521 2731 ἀμφότεροι,
1546 2654 1776 2732 βλέψας
1806 2678 1955 2731 προς

343 2739 444 2801 τὸν
475 2744 665 2817 Κῦρον
688 2740 722 2800 ὁ
751 2740 1070 2822 Ἀστυάγης
1103 2742 1233 2817 ἔφη·
1275 2740 1394 2801 “o-13
1422 2740 1492 2816 δή
1519 2739 1621 2800 ἐῶν
1642 2741 1807 2800 τοῦδε
1837 2766 1956 2801 τοι·

344 2827 510 2888 ούτου
534 2827 719 2892 ἐόντος
741 2832 888 2899 παῖς,
911 2828 1233 2906 ἐτόλμησας
1254 2826 1354 2889 τᾶν
1377 2828 1543 2890 τοῦδε
1565 2828 1740 2888 παῖδα
1766 2827 1970 2894 ἐόντος

344 2915 568 2995 πρώτου
605 2915 735 2994 παρ’
769 2917 895 2994 ἐμοὶ
932 2915 1140 2996 ἀεικείῃ
1176 2916 1366 2995 τοιῇδε
1404 2919 1703 2994 περισπεῖν
1719 2915 1776 2987 ;”
1816 2916 1850 2977 ὅ
1891 2917 1956 2977 δὲ

344 3003 614 3082 ἀμείβετο
640 3002 764 3065 ὧδε·
797 3003 884 3063 “a'’
901 3004 1166 3076 δέσποτα,
1186 3005 1294 3085 ἐγώ
1314 3005 1569 3065 δὲταῦτα
1587 3008 1786 3065 τοῦτον
1803 3006 1952 3065 ε’ποί-

344 3117 463 3168 ησα
488 3091 596 3153 σῦν
617 3092 758 3172 δίκῃ·
793 3094 847 3152 οἶ
868 3092 980 3173 γάρ
998 3117 1073 3169 με
1094 3097 1155 3151 ἐκ
1173 3094 1274 3167 τῆς
1294 3092 1480 3169 κώμης
1498 3093 1708 3163 παῖδες,
1727 3094 1839 3153 τῶν
1857 3092 1957 3153 καὶ

344 3179 443 3239 ὅδε
472 3179 559 3256 ἦν,
584 3182 873 3252 παίζοντες
903 3181 1099 3255 σφέων
1124 3177 1305 3239 αὐτῶν
1331 3178 1649 3255 ἐστήσαντο
1672 3181 1955 3256 βασιλεα·

346 3266 565 3328 ἐδόκεον
592 3267 704 3349 γάρ
735 3274 849 3344 σφι
888 3267 1028 3327 εἶναι
1065 3270 1124 3330 ἐς
1160 3269 1327 3327 τοῦτο
1363 3266 1813 3342 ἐπιτηδειότατος.
1898 3270 1957 3327 οἱ
