2184 3517
319 85 418 138 224
930 82 1301 134 ἯΡοΔοτοτ
1784 77 1928 144 [ΙΠ.

302 167 467 245 ,δρῶν
495 167 607 226 τῶν
634 163 866 242 πρώτων
897 163 1241 241 Περίανδρος
1277 162 1310 223 ὁ
1339 162 1612 240 Κυψέλου
1637 165 1694 225 ἐς
1719 160 1935 237 Σάρδις

321 254 620 332 ἀπέπεμψε
658 252 812 329 παρὰ
835 252 1147 311 Ἀλυάττεα
1173 250 1259 310 ἐπ’
1287 256 1514 330 ἐκτομῇ·
1555 249 1935 330 προσχόντων

325 343 385 402 δὲ
410 348 465 406 ἐς
490 344 593 417 τὴν
613 340 806 418 Σάμον
819 345 930 401 τῶν
948 338 1195 421 ἀγόντων
1209 339 1342 403 τοῦς
1365 339 1567 403 παῖδας
1593 338 1931 417 Κορινθίων,

324 428 628 505 πυθόμενοι
667 431 723 488 οἱ
764 427 969 504 Σάμιοι
1003 426 1103 487 τόν
1141 426 1319 507 λόγον
1346 426 1429 485 ἐπ’
1457 426 1577 486 οἶσι
1611 425 1847 507 ἀγοίατο
1873 430 1936 488 ἐς

327 516 543 594 Σάρδις,
571 519 765 592 πρῶτα
798 517 902 592 μὲν
937 510 1300 578 τοῦςπαῖδας
1337 514 1591 584 ἐδίδαξαν
1628 517 1751 591 ἱροῦ
1781 512 1934 594 ὄψα·

325 605 466 666 σθαι
502 603 843 680 Ἀρτέμιδος,
871 602 1016 679 μετοὶ
1049 602 1126 673 δὲ,
1155 601 1220 663 οὗ
1252 603 1635 681 περιορέοντες
1660 600 1935 661 ἀπέλκειν

325 691 456 755 τοῦς
485 692 663 753 ἱκέτας
690 696 751 749 ἐκ
776 694 877 750 τοῦ
905 694 1042 767 ἱροῦ,
1061 691 1255 750 σιτίων
1270 690 1329 749 δὲ
1353 689 1486 753 τοῦς
1508 689 1713 753 παῖδας
1738 688 1935 770 ἐργόν-

325 805 435 840 των
474 779 802 855 Κορινθίων,
829 777 1167 853 ἐποιήσαντο
1200 780 1254 837 οἱ
1290 777 1495 854 Σάμιοι
1525 776 1696 854 ὁρτὴν
1730 781 1805 855 τῇ
1838 777 1935 834 καὶ

329 873 427 928 νῦν
452 868 532 926 ἔτι
557 867 827 945 χρέωνται
852 866 993 925 κατοὶ
1016 865 1213 926 ταῦτά·
1251 866 1446 929 νυκτός
1470 864 1581 946 γοῖρ
1609 866 1932 946 ἐπιγενομέ·

330 982 444 1032 νης,
477 955 616 1015 ὅσον
641 954 846 1033 χρόνον
883 955 1125 1015 ἱκέτευον
1153 955 1423 1017 οἱπαῖδες
1451 954 1698 1014 ἵστασαν
1722 952 1935 1033 χοροῦς

330 1044 617 1121 παρθένων
657 1067 721 1102 τε
763 1043 855 1102 καὶ
894 1042 1110 1118 ἠϊθέων,
1154 1042 1408 1106 ἱστάντες
1445 1042 1523 1113 δὲ,
1555 1041 1687 1105 τοῦς
1724 1039 1935 1120 χοροῦς

326 1132 543 1210 τρωκτοὶ
583 1131 850 1209 σησάμου
888 1157 952 1191 τε
993 1132 1086 1190 καὶ
1124 1132 1356 1209 μέλιτος
1388 1129 1729 1206 ἐποιήσαντο
1754 1129 1934 1206 νόμον

330 1221 621 1298 φέρεσθαι,
651 1220 741 1280 ἵνα
773 1219 1110 1300 ἁρπάζοντες
1135 1222 1191 1280 οἱ
1213 1223 1325 1280 τῶν
1349 1218 1707 1297 Κερκυραίων
1735 1218 1932 1281 παῖδες

330 1310 510 1388 ἔχοιεν
546 1307 787 1385 τροφήν.
871 1313 926 1371 ἐς
962 1311 1131 1367 τοῦτο
1172 1306 1234 1367 δὲ
1270 1307 1400 1368 τόδε
1440 1308 1669 1387 ἐγίνετο,
1703 1310 1761 1369 ἐς
1800 1305 1836 1365 ὃ
1875 1307 1931 1365 οἶ

332 1396 638 1473 Κορίνθιοι,
671 1399 783 1456 τῶν
822 1395 1035 1455 παίδων
1074 1398 1131 1455 οἱ
1170 1395 1435 1472 φύλακοι,
1472 1395 1695 1473 οἴχοντο
1729 1392 1927 1454 ἄπολι-

330 1483 544 1552 πόντες,
584 1481 717 1546 τοῦς
762 1483 823 1542 δὲ
860 1484 1064 1546 παῖδας
1104 1482 1400 1566 ἀπήγαγον
1438 1487 1496 1546 ἐς
1541 1482 1837 1560 Κέρκυραν
1874 1484 1932 1542 οἱ

237 1574 312 1630 49
334 1570 556 1647 Σάμιοι.
612 1574 687 1629 Εἰ
708 1570 813 1647 μέν
832 1596 929 1631 νυν
954 1569 1304 1648 Περιάνδρου
1317 1570 1761 1647 τελευτήσαντ’-ος
1777 1573 1931 1630 τοῖσι

333 1658 687 1735 Κορινθίοισι
712 1658 858 1733 φίλα
881 1656 954 1735 ἦν
977 1660 1120 1736 πρός
1133 1659 1266 1723 τοῦς
1284 1660 1674 1737 Κερκυραίους,
1694 1658 1811 1717 οἵδε
1829 1656 1931 1717 οὐκ

334 1744 403 1806 ἂν
441 1745 829 1822 συνελάβοντο
867 1751 969 1806 τοῦ
1008 1746 1427 1824 στρατεύματος
1462 1750 1563 1807 τσῦ
1602 1746 1697 1806 ἐπὶ
1735 1745 1931 1822 Σάμον

331 1833 535 1912 ταύτης
567 1834 769 1894 εἵνεκεν
801 1838 904 1909 τῆς
935 1833 1134 1910 αἰτίης·
1174 1838 1273 1895 νῦν
1307 1835 1368 1894 δὲ
1398 1834 1521 1905 αἰεὶ,
1548 1834 1678 1894 ἐπεί
1700 1834 1930 1894 τε·ἔκτι·

333 1947 446 1982 σαν
468 1920 573 1998 τὴν
596 1926 788 1997 νῆσον,
818 1923 929 1981 εἰσὶ
952 1921 1267 1998 οἷλλήλοισι
1306 1921 1567 1999 διάφοροι
1598 1920 1781 1985 ἐόντες
1804 1925 1933 1982 ἔων·-

335 2014 491 2070 τοῖσι
529 2009 739 2070 τούτων
777 2010 851 2070 ὧν
883 2010 1085 2070 εἵνεκεν
1124 2008 1606 2087 ἀπεμνησικάκεον
1635 2013 1791 2069 τοῖσι
1821 2011 1929 2075 Σα-

334 2098 520 2175 μίοισι
561 2101 616 2157 οἱ
662 2099 978 2176 Κορίνθιοι.·
1050 2097 1346 2175 ἀπέπεμπε
1392 2098 1454 2157 δὲ
1500 2102 1556 2161 ἐς
1598 2096 1801 2175 Σάρδις
1844 2095 1930 2157 ἐπ’

336 2189 543 2266 ἐκτομῇ
586 2186 931 2263 Περίανδρος
972 2189 1083 2246 τῶν
1126 2186 1357 2262 πρώτων
1406 2186 1766 2263 Κερκυραίων
1816 2190 1930 2246 ἐπι·

334 2274 502 2345 λέξας
539 2274 670 2337 τοῦς
707 2274 925 2343 παῖδας,
963 2273 1384 2350 τιμωρεύμενος·
1429 2272 1693 2351 πρότεροι
1729 2272 1841 2354 γοῖρ
1877 2277 1931 2334 οἱ

336 2367 673 2441 Κερκυραῖοι
697 2361 873 2439 ἦρξαν
900 2367 954 2425 ἐς
979 2360 1150 2421 αὐτὸν
1167 2365 1404 2442 πρῆγμα
1429 2359 1761 2421 ἀτάσθαλον
1773 2361 1929 2439 ποιή-

240 2452 318 2509 50
337 2475 554 2515 σαντες.
621 2450 785 2510 Ἐπεί
803 2476 866 2509 τε
889 2449 999 2531 γσῖρ
1019 2448 1125 2525 τὴν
1145 2452 1346 2508 ἑωυτοῦ
1368 2453 1604 2531 γυναῖκα
1622 2450 1933 2510 Μέλισσαν

338 2538 680 2615 Περίανδρος
719 2537 1018 2607 ἀπέκτεινε,
1053 2535 1360 2615 συμφορήν
1395 2536 1617 2612 τοιήνδε
1656 2540 1710 2596 οἱ
1749 2536 1932 2614 ἄλλην

338 2626 557 2700 συνέβη
581 2624 723 2701 πρὸς
751 2630 825 2703 τῇ
849 2626 1111 2706 γεγονυίῃ
1149 2625 1433 2705 γενέσθαι·
1473 2623 1624 2700 ἦσάν
1648 2627 1704 2684 οἱ
1728 2629 1792 2683 ἐκ
1817 2630 1931 2684 Με·

338 2711 552 2787 λίσσης
588 2711 686 2771 δύο
720 2712 928 2783 παῖδες,
954 2712 1179 2789 ήλικίην
1213 2711 1248 2773 ὅ
1276 2715 1382 2789 μὲν
1413 2713 1783 2772 ἑπτακαίδεκα
1816 2711 1850 2773 ὅ
1874 2712 1934 2772 δὲ

339 2797 708 2859 ὀκτωκαίδεκα,
755 2800 878 2857 ἔτεα
916 2800 1178 2881 γεγονώς·
1226 2800 1458 2863 τούτους
1494 2800 1529 2860 ὅ
1561 2798 1934 2878 μητροπάτωρ

341 2890 610 2963 Προκλῆς
644 2887 748 2946 ἐῶν
775 2884 1111 2963 Ἐπιδαύρου
1144 2882 1409 2964 τύραννος
1432 2886 1937 2965 μεταπεμψάμενος

341 2970 472 3048 παρ’
514 2972 712 3031 ἑωυτὸν
753 2973 1208 3049 ἐφιλοφρονέετο,
1252 2974 1325 3035 ὥς
1364 2974 1507 3037 εἰκός
1549 2974 1624 3049 ἦν
1662 2975 1939 3055 θυγατρός

342 3056 534 3119 ἐόντας
555 3061 657 3131 τῆς
683 3061 884 3117 ἑωυτοῦ
908 3058 1128 3121 παῖδας·
1172 3060 1296 3118 ἐπεί
1312 3083 1379 3119 τε
1404 3060 1468 3119 δέ
1490 3065 1676 3137 σφεας
1691 3060 1939 3137 α’πεπέμ-

341 3166 497 3213 πετο,
527 3141 648 3199 εἶπε
671 3144 1016 3221 προπέμπων
1042 3144 1261 3207 αὐτούς·
1301 3155 1339 3181 “
1354 3144 1465 3222 ἆρα
1489 3148 1631 3216 ἴστε,
1659 3145 1704 3205 ὦ
1727 3147 1939 3216 παῖδες,

344 3225 407 3287 ῦς
442 3226 623 3302 ὑμέων
655 3228 761 3302 τήν
790 3230 1006 3305 μητέρα
1034 3229 1320 3291 ἀπέκτεινε
1336 3229 1386 3300 ;'’
1425 3236 1594 3292 τοῦτο
1632 3232 1701 3293 τὰ
1740 3233 1878 3298 ἔπος
1904 3233 1938 3295 ὅ
