2184 3517
199 123 495 191 167-171]
904 126 1133 177 ΚΔΕῙΩ.
1749 126 1817 177 83

217 202 237 222 9
310 202 329 227 Ι
545 202 561 222 ἱ
642 201 660 223 2
718 201 736 223 C
793 202 812 226 ἱ
974 203 1001 229 ,ι
1159 207 1177 228 0
1422 201 1441 225 ἱ
1628 200 1648 227 Χ
1755 208 1784 226 Α

196 228 479 280 απωνητο,
523 207 646 263 αλλ
700 229 813 264 υπο
854 209 1109 280 Θρηικων
1150 201 1474 273 εξελασθεις
1510 227 1678 281 τιμας
1715 229 1817 267 νυν

195 290 312 351 ύπό
337 290 521 366 Τηΐων
545 295 660 352 τῶν
684 295 742 350 ἐν
766 288 1108 368 Ἀβδήροισι
1135 289 1207 354 ώς
1229 288 1375 367 ἥρως
1400 290 1535 369 ἔχει.

285 375 465 439 Οὗτοι
505 378 611 455 μέν
655 404 753 439 νυν
792 378 989 438 Ἰώνων
1041 382 1240 455 μοῦνοι
1279 375 1384 452 τὴν
1423 376 1772 456 δουλοσύνην
1792 384 1907 443 169

197 464 303 526 οὖκ
334 465 666 545 ἀνεχόμενοι
700 466 957 536 ἐξέλιπον
992 465 1094 528 τοὶς
1134 464 1423 542 πατρίδας·
1466 468 1521 525 οἱ
1556 464 1604 525 δ’
1644 465 1816 529 ἄλλοι

197 553 396 625 Ἰωνες,
449 553 604 631 πλὴν
656 554 974 630 Μιλησίων,
1028 552 1121 614 διοὶ
1166 552 1354 631 μάχης
1398 555 1502 630 μὲν
1548 552 1817 618 ἀπικέατο

197 639 470 724 Ἀρπάγῳ
496 641 744 720 κατάπερ
772 645 826 702 οἱ
858 640 1197 711 ἐκλιπόντες,
1224 641 1319 700 καὶ
1344 638 1535 719 ἀνδρες
1561 642 1816 724 ἐγένοντο

198 728 409 811 ἀγαθοὶ
448 731 579 809 περὶ
617 735 720 807 τῆς
761 733 962 790 ἑωυτοῦ
1006 729 1242 793 ἕκαστος
1276 727 1603 809 μαχόμενοι,
1636 734 1813 794 ἑσσω-

199 818 391 883 θέντες
432 818 495 879 δὲ
537 819 629 879 καὶ
667 818 899 882 ἁλόντες
939 818 1132 896 ἔμενον
1172 816 1313 878 κατά
1352 817 1541 898 χώρην
1586 820 1814 881 ἔκαστοι

198 905 296 965 καὶ
337 907 410 968 *ta*
449 906 869 986 ἐπιτασσόμενα
908 905 1221 966 ἐπετέλεον.
1303 905 1588 982 Μιλήσιοι
1628 906 1704 978 δὲ,
1742 908 1814 973 ὦς

196 995 297 1054 καὶ
318 994 593 1074 πρότερόν
615 1020 716 1073 μοι
742 995 967 1073 εἴρηται,
990 992 1139 1072 αύτῷ
1164 991 1334 1073 Κύρῳ
1361 992 1549 1071 ὅρκιον
1572 994 1811 1071 ποιησά-

193 1107 365 1159 μενοι
405 1082 649 1163 ἡσυχίην
692 1082 854 1164 ἄγον.
926 1080 1069 1142 οὕτω
1112 1080 1181 1157 δῆ
1220 1080 1288 1140 τό
1336 1079 1590 1160 δεύτερον
1629 1080 1811 1159 Ἰωνίη

197 1171 558 1232 ἐδεδούλωτο.
627 1169 701 1236 ὥς
736 1172 799 1231 δὲ
830 1170 961 1234 τούς
996 1175 1055 1231 ἐν
1095 1174 1168 1248 τῇ
1203 1167 1415 1248 ἠπείρῳ
1434 1167 1632 1235 Ἴωνας
1671 1173 1812 1248 ἐχει-

108 1255 115 1263 ’
193 1257 427 1336 ρώσατο
447 1259 757 1341 Ἅρπαγος,
795 1262 850 1319 οἱ
878 1257 980 1322 τὰς
1013 1256 1225 1334 νήσους
1259 1257 1478 1336 ἔχοντες
1498 1255 1683 1321 Ἴωνες
1718 1284 1813 1318 κα-

192 1347 655 1425 ταρρωδήσαντες
678 1350 870 1418 ταῦτα,
897 1346 1084 1423 σφέας
1110 1343 1313 1409 αὐτούς
1338 1346 1540 1407 ἔδοσαν
1566 1344 1747 1426 Κύρῳ.

279 1436 694 1514 Κεκακωμένων
714 1432 781 1496 δὲ
802 1433 1015 1506 Ἱώνων,
1037 1434 1131 1494 καὶ
1156 1434 1589 1517 συλλεγομένων
1614 1433 1772 1495 οὐδὲν
1790 1434 1905 1494 170

192 1521 391 1599 ἧσσον
415 1530 472 1589 ἐς
502 1524 570 1585 τὰ
603 1523 932 1595 Πανιώνιον,
958 1521 1310 1600 πυνθάνομαι
1339 1521 1567 1604 γνώμην
1599 1522 1811 1585 Βίαντα

192 1610 376 1691 ἄνδρα
426 1612 677 1691 Πριηνέα
727 1610 1112 1682 ἀποδέξασθαι
1148 1608 1311 1671 Ἴωσι
1354 1609 1806 1689 χρησιμωτάτην·

188 1704 268 1779 τῇ
304 1704 358 1761 εἰ
392 1701 695 1772 ἐπείθοντο,
733 1703 971 1779 παρεῖχε
1013 1699 1083 1759 ἀν
1126 1704 1239 1775 σφι
1277 1697 1645 1777 εὐδαιμονέειν
1679 1697 1810 1758 Ἑλ-

188 1788 385 1865 λήνων
422 1788 702 1870 μάλιστα·
757 1788 820 1853 ὃς
860 1787 1081 1847 ἐκέλευε
1130 1796 1167 1823 “
1184 1790 1346 1865 κοινῷ
1388 1785 1582 1867 στόλῳ
1613 1785 1811 1850 Ἴωνας

189 1876 496 1954 ἀερθέντας
533 1876 728 1937 πλέειν
768 1881 825 1939 ἐς
864 1874 1078 1953 Σαρδώ,
1123 1875 1216 1933 καὶ
1248 1875 1437 1935 ἔπειτα
1466 1874 1638 1937 πόλιν
1676 1875 1810 1952 μίαν

191 1966 403 2037 κτίζειν
452 1963 672 2026 πάντων
721 1962 936 2025 Ἰώνων·
1006 1964 1101 2022 καὶ
1153 1961 1295 2023 οὕτω
1341 1961 1810 2042 ἀπαλλαχθέντας

189 2054 386 2130 σφέας
411 2051 758 2130 δουλοσύνης
785 2050 1222 2130 εὐδαιμονήσειν,
1249 2049 1437 2127 νήσων
1459 2076 1523 2112 τε
1547 2050 1812 2112 ἁπασέων

187 2142 476 2223 μεγίστην
519 2141 852 2219 νεμομένους
891 2140 985 2200 καὶ
1022 2138 1299 2218 ἄρχοντας
1324 2138 1534 2199 ἄλλων·
1575 2140 1811 2217 μένουσι

188 2230 261 2289 δέ
297 2236 416 2307 σφι
455 2234 514 2291 ἐν
552 2233 626 2309 τῇ
663 2228 844 2308 Ἰωνίῃ
886 2227 986 2288 οὐκ
1018 2229 1132 2304 ἔφη
1164 2230 1361 2304 ἐνορᾶν
1388 2226 1705 2304 ἐλευθερίην
1729 2226 1812 2285 ἔτι

189 2316 522 2396 ἐσομένην.”
589 2316 729 2395 αὕτη
765 2320 869 2395 μὲν
908 2316 1145 2378 Βίαντος
1174 2317 1276 2374 τοῦ
1311 2312 1586 2391 Πριηνέος
1614 2311 1810 2394 γνώμη

190 2407 292 2466 ἐπὶ
340 2405 800 2484 διεφθαρμένοισι
829 2403 993 2465 Ἴωσι
1034 2401 1328 2486 γενομένη·
1368 2399 1593 2480 χρηστῆ
1627 2400 1689 2460 δὲ
1718 2400 1812 2459 καὶ

189 2494 334 2572 πρὶν
363 2491 401 2570 ἢ
433 2494 808 2572 διαφθαρῆναι
831 2490 1044 2569 Ἰωνίην
1070 2489 1269 2550 Θάλεω
1295 2487 1493 2566 ἀνδρός
1518 2487 1813 2564 Μιλησίου

191 2583 439 2665 ἐγένετο,
474 2581 542 2643 τὰ
582 2581 845 2643 ἀνέκαθεν
874 2580 1035 2662 γένος
1071 2577 1261 2643 ἐόντος
1290 2576 1560 2641 Φοίνικος·
1602 2574 1664 2640 ὃς
1701 2575 1810 2636 ἐκέ-

189 2674 333 2731 λευε
369 2677 404 2707 “
422 2670 481 2731 ἓν
510 2668 915 2748 βουλευτήριον
941 2666 1139 2731 Ἴωνας
1169 2665 1456 2743 ἐκτῆσθαι,
1491 2663 1558 2726 τό
1587 2665 1646 2725 δὲ
1674 2663 1814 2725 εἶναι

191 2764 255 2820 ἐν
280 2758 424 2838 Τέῳ·
470 2759 620 2819 Τέων
643 2756 756 2839 γάρ
779 2756 960 2834 μέσον
986 2754 1127 2817 εἶναι
1148 2753 1377 2831 Ἰωνίης·
1416 2753 1518 2819 τὰς
1543 2752 1602 2813 δὲ
1628 2752 1814 2816 ἄλλας

189 2846 408 2910 πόλιας
434 2846 749 2923 οἰκεομένας
773 2845 946 2923 μηδὲν
971 2842 1162 2921 ἧσσον
1200 2842 1530 2921 νομίζεσθαι
1562 2840 1809 2917 κατάπερ

189 2939 247 2996 εἰ
295 2934 469 3012 δῆμοι
512 2932 670 2996 dev?
729 2931 871 2995 οὕτω
907 2935 1013 3011 μὲν
1053 2930 1125 3007 δή
1167 2937 1281 3008 σφι
1316 2928 1542 3013 γνώμας
1581 2926 1812 2989 τοιόσδε

189 3023 558 3093 ἀπεδέξαντο.

268 3110 297 3136 q
1050 3105 1066 3127 e
1259 3103 1276 3125 2
1389 3104 1407 3128 t
1663 3101 1681 3125 t

294 3118 567 3194 Αρπαγος
606 3111 667 3171 δὲ
706 3114 1232 3185 καταστρεψαμενος
1278 3111 1488 3179 Ιωνιην,
1526 3106 1771 3161 ἐποιεετο
1791 3100 1900 3161 171

189 3199 510 3277 στρατηίην
535 3198 629 3259 ἐπὶ
655 3201 852 3275 Κᾶρας
878 3196 971 3254 καὶ
996 3193 1273 3257 Καυνίους
1300 3191 1392 3251 καὶ
1415 3189 1670 3260 Λυκίους,
1697 3187 1816 3265 ἅμα

186 3285 477 3365 ἀγόμενος
518 3286 613 3347 καὶ
644 3284 843 3349 Ἴωνας
890 3282 984 3342 καὶ
1024 3280 1284 3344 Αἰολέας.
1353 3277 1467 3339 εἶσὶ
1505 3276 1568 3337 δὲ
1603 3274 1814 3338 τούτων
