2184 3517
320 91 422 139 252
924 90 1292 140 ἨΡΟΔΟΤΟΤ
1786 89 1931 154 [ΙΙΙ.

320 166 430 230 ὖπὸ
481 172 609 249 γῆν.
692 166 1031 245 θερμότατος
1083 168 1148 228 δέ
1199 173 1323 228 ἐστι
1377 168 1411 228 ὅ
1455 167 1621 245 ἥλιος
1671 167 1936 229 τούτοισι

319 260 474 317 τοῖσι
523 254 869 333 ἀνθρώποισι
918 255 985 316 τό
1047 255 1288 327 ἐωθινόν,
1342 255 1408 316 οὗ
1473 255 1721 334 κατάπερ
1772 260 1938 317 τοῖσι

320 342 555 404 ἄλλοισι
605 344 983 421 μεσαμβρίης,
1040 343 1173 403 ἀλλ’
1227 343 1560 422 ὑπερτείλας
1609 345 1809 422 μέχρις
1861 343 1936 404 οὗ

321 431 530 513 οἷγορῆς
556 431 863 494 διαλύσιος·
891 435 1089 493 τοῦτον
1116 432 1177 491 δὲ
1200 431 1300 493 τόν
1324 431 1532 512 χρόνον
1557 431 1701 494 καίει
1726 436 1939 509 πολλῷ

323 523 550 598 μᾶλλον
587 518 626 596 ἢ
660 523 733 598 τῇ
766 521 1102 600 μεσαμβρίῃ
1139 519 1244 597 τὴν
1280 519 1555 591 Ἑλλάδα,
1583 519 1757 583 οὕτως
1794 518 1938 580 ὥστ’

323 613 383 669 ἐν
421 607 580 667 ὕδατι
616 607 790 688 λόγος
833 606 1034 672 αὐτούς
1074 613 1203 668 ἐστι
1244 608 1565 688 βρέχεσθαι
1604 611 1936 683 τηνικαῦτα·

322 699 585 772 μεσοῦσα
638 695 698 755 δὲ
749 693 789 771 ἦ
840 694 1023 774 ἡμέρη
1072 695 1284 776 σχεδόν
1329 696 1741 774 παραπλησίως
1788 696 1941 755 καίει

320 781 451 846 τούς
487 809 550 842 τε
581 781 794 847 ἄλλους
833 782 1158 861 οἷνθρωπους
1197 784 1290 844 καὶ
1328 785 1460 848 τοῦς
1482 783 1708 847 Ἰνδούς.
1792 783 1938 844 οἷπο-

324 871 655 948 κλιναμένης
687 872 747 931 δὲ
776 875 879 947 τῆς
905 874 1290 950 μεσαμβρίης,
1320 872 1538 955 γίνεταί
1565 879 1677 949 σφι
1709 871 1741 931 ὁ
1768 873 1941 948 ἥλιος

323 958 569 1037 κατάπερ
595 963 749 1019 τοῖσι
774 958 1011 1021 ἄλλοισι
1036 960 1068 1020 ὁ
1100 961 1338 1024 ἑωθινός·
1378 961 1470 1020 καὶ
1495 960 1562 1020 vd
1592 960 1705 1020 οἷπό
1730 960 1941 1021 τούτου

324 1046 492 1108 ἐπιῶν
528 1049 619 1108 ἐπὶ
648 1051 875 1126 μᾶλλον
910 1047 1096 1129 ψύχει,
1131 1054 1188 1113 ἐς
1221 1048 1255 1109 ὃ
1287 1050 1381 1109 ἐπὶ
1412 1049 1666 1127 δυσμῇσι
1702 1049 1805 1109 ἐῶν
1836 1049 1945 1107 καὶ

233 1137 347 1197 105
364 1134 431 1196 τὰ
460 1136 635 1214 κάρτα
669 1136 855 1217 ψύχει.
934 1135 1143 1198 Ἐπεὰν
1174 1138 1236 1197 δὲ
1275 1138 1485 1199 ἔλθωσι
1521 1142 1576 1200 ἐς
1615 1135 1716 1196 τᾶν
1744 1139 1944 1215 χῶρον

325 1227 379 1284 οἱ
412 1223 578 1285 Ἰνδοὶ
614 1226 833 1305 ἔχοντες
878 1225 1135 1296 θυλάκια,
1176 1225 1571 1304 ἐμπλήσαντες
1608 1228 1789 1285 ταῦτα
1827 1229 1944 1300 τῆς

325 1310 560 1390 ψάμμου
583 1313 687 1388 τήν
711 1314 987 1393 ταχίστην
1014 1313 1318 1375 ἐλαύνουσι
1350 1312 1555 1374 ὀπίσω·
1596 1310 1795 1372 αὐτίκα
1817 1312 1942 1393 γὰρ

327 1402 382 1459 οἶ
424 1399 707 1478 μύρμηκες
752 1400 898 1480 ὀδμῇ
939 1401 1038 1484 (ὥς
1079 1401 1149 1479 δή
1195 1403 1425 1483 λέγεται
1474 1400 1587 1462 §ard
1636 1399 1941 1483 Περσέων)

325 1488 598 1563 μαθοντες
631 1489 912 1549 διώκουσι·
962 1490 1103 1550 εἶναι
1133 1491 1192 1551 δὲ
1222 1489 1508 1570 ταχύτητα
1544 1488 1724 1548 οὐδενὶ
1766 1488 1945 1568 ἑτέρῳ

327 1574 538 1652 ὁμοῖον,
559 1574 709 1637 οὕτω
734 1577 895 1648 ὥστε,
926 1582 974 1638 εἰ
997 1578 1079 1656 μή
1111 1578 1546 1660 προλαμβάνειν
1569 1576 1701 1641 τοῦς
1721 1575 1946 1642 Ἰνδοῦς

326 1667 428 1739 τῆς
468 1663 599 1724 ὁδοῦ
635 1669 694 1725 ἐν
722 1662 765 1745 ᾧ
795 1665 926 1730 τοῦς
964 1666 1259 1744 μύρμηκας
1294 1666 1699 1747 συλλέγεσθαι,
1735 1662 1948 1726 οὐδένα

328 1749 398 1812 ἅν
432 1758 626 1828 σφεων
661 1752 1077 1826 ἀποσώζεσθαι·
1123 1755 1254 1819 τοῦς
1289 1755 1393 1832 μέν
1427 1779 1525 1815 νυν
1565 1754 1793 1831 ἔρσενας
1819 1757 1947 1814 τῶν

330 1841 597 1917 καμήλων
631 1841 796 1922 (εἶναι
825 1843 938 1924 γὰρ
970 1841 1227 1918 ἥσσονας
1262 1844 1381 1903 θεῖν
1414 1846 1526 1903 τῶν
1562 1841 1801 1922 θηλέων)
1838 1843 1948 1902 καὶ

327 1929 720 2005 παραλύεσθαι
768 1932 1171 2009 ἐπελκομένους
1223 1930 1323 1991 οὔκ
1369 1929 1513 2008 ὁμοῦ
1559 1928 1944 2006 ἀμφοτέρους·

328 2016 431 2080 τοὶς
456 2018 516 2077 δὲ
542 2019 748 2094 θηλέας
775 2018 1339 2097 ἀναμιμνησκομένας
1370 2021 1483 2078 τῶν
1514 2018 1710 2078 ἔλιπον
1731 2016 1949 2078 τέκνων

331 2106 598 2167 ἐνδιδόναι
649 2106 909 2186 μαλακόν
950 2106 1130 2168 οὗδέν.
1209 2105 1313 2168 τᾶν
1355 2108 1459 2183 μὲν
1511 2104 1580 2181 δὴ
1632 2104 1789 2164 πλέω
1832 2103 1947 2166 τοῦ

328 2199 547 2274 χρυσοῦ
592 2197 734 2256 οὕτω
778 2200 832 2256 οἱ
870 2195 1038 2257 Ἰνδοὶ
1082 2199 1333 2266 κτῶνται,
1378 2194 1451 2258 ὥς
1497 2194 1722 2272 Πέρσαι
1765 2194 1946 2270 φασί·

331 2283 512 2348 ἄλλος
563 2285 623 2344 δὲ
675 2283 1051 2362 σπανιώτερός
1092 2289 1219 2346 ἐστι
1264 2288 1324 2344 ἐν
1368 2287 1443 2362 τῇ
1489 2281 1647 2362 χώρῃ
1693 2280 1947 2360 ὀρυσσό-

330 2398 513 2447 μενος.
539 2427 544 2432 .

241 2461 354 2519 106
437 2466 512 2521 Αἱ
548 2462 594 2522 δ’
633 2463 899 2543 ἐσχατιαί
929 2489 1035 2527 κως
1064 2467 1168 2539 τῆς
1198 2459 1521 2538 οἰκουμένης
1549 2458 1624 2520 τοὶ
1650 2457 1946 2519 κάλλιστα

333 2549 557 2628 ἔλαχον,
611 2551 857 2630 κατάπερ
909 2551 948 2628 ἦ
999 2550 1215 2614 Ἑλλὰς
1263 2550 1389 2624 ἰὀὶςῚ
1417 2547 1563 2627 ὥρας
1614 2545 1837 2607 πολλόν
1884 2573 1946 2608 τι

333 2635 619 2697 κάλλιστα
653 2640 992 2717 κεκραμένας
1033 2640 1224 2718 ἔλαχε.
1290 2642 1458 2698 τοῦτο
1497 2638 1604 2713 μὲν
1642 2634 1754 2717 γοῖρ
1795 2634 1946 2711 πρὸς

330 2722 436 2799 τήν
463 2725 531 2782 ἔω
558 2725 772 2805 ἐσχάτη
798 2730 908 2788 τῶν
928 2727 1254 2804 οἰκεομένων
1279 2725 1317 2802 ἦ
1343 2724 1546 2785 Ἰνδικτί
1576 2730 1717 2794 ἐστι,
1744 2722 1943 2802 ὥσπερ

332 2810 530 2891 ὀλίγον
571 2812 846 2891 πρότερον
892 2815 1102 2892 εἴρηκα·
1172 2820 1230 2875 ἐν
1275 2812 1468 2893 ταύτῃ,
1511 2816 1679 2872 τοῦτο
1720 2815 1826 2887 μὲν
1868 2810 1946 2872 τοὶ

335 2898 559 2992 ἔμψυχα
587 2902 900 2979 τετράποδά
924 2927 987 2962 τε
1022 2903 1115 2961 καὶ
1149 2902 1221 2962 τοὶ
1256 2901 1469 2978 πετηνοὶ
1500 2904 1703 2978 πολλῷ
1727 2897 1941 2977 μέζω*
1902 2925 1943 2978 η

335 2988 395 3042 ἐν
429 2991 583 3046 τοῖσι
619 2987 854 3049 ἄλλοισι
890 2990 1155 3068 χωρίοισί
1191 2995 1330 3060 ἐστι,
1366 2988 1548 3067 πάρεξ
1579 3014 1693 3049 των
1735 2988 1945 3047 ἵππων·

334 3069 510 3128 τούτω
541 3074 601 3131 δὲ
641 3079 941 3136 ἑσσοῦνται
971 3103 1080 3136 υπο
1116 3081 1227 3137 τῶν
1260 3078 1545 3152 Μηδικῶν,
1585 3077 1849 3136 Νισαίων
1885 3076 1948 3136 δὲ

337 3157 743 3231 Καλευμένων,’
718 3187 915 3221 ιππων·
955 3167 1123 3222 τοῦτο
1149 3164 1210 3223 δὲ
1233 3190 1448 3243 χρυσος
1474 3163 1720 3228 ἄπλετος
1745 3163 1949 3225 αὐτόθι

338 3236 478 3301 ἐστὶ,
508 3238 541 3295 ὁ
575 3245 679 3313 μὲν
713 3243 1111 3321 ὀρυσσόμενος,
1148 3249 1181 3308 ὁ
1216 3250 1278 3308 δὲ
1309 3249 1800 3328 καταφορεύμενος
1831 3278 1949 3312 mro
