2184 3517
281 100 507 167 26-28]
972 106 1238 157 eAAmA.
1357 129 1363 134 —
1789 111 1886 161 213

285 181 575 259 Μακάρων
591 188 784 260 νῆσος·
819 189 875 250 ἐς
896 188 1001 263 μὲν
1027 186 1097 262 δὴ
1123 191 1322 248 τοῦτον
1344 186 1446 248 τᾶν
1468 192 1654 269 χῶρον
1677 190 1905 270 λέγεται

282 268 590 331 ἀπικέσθαι
614 273 715 332 τὸν
741 272 1003 350 στρατόν·
1038 274 1106 334 τὸ
1135 274 1381 334 ἐνθεῦτεν
1408 274 1483 346 δὲ,
1512 275 1599 336 ὅτι
1624 276 1705 353 μὴ
1732 277 1890 338 αὐτοὶ

282 356 597 434 Ἀμμώνιοι
624 361 716 418 καὶ
748 364 802 419 οἱ
841 360 1050 422 τούτων
1088 362 1444 433 ἀκούσαντες,
1473 362 1643 424 ἄλλοι
1677 363 1890 431 οὐδένες

284 444 449 506 οῦδὲν
484 448 682 525 ἔχουσι
717 450 889 507 εἰπεῖν
929 449 1059 526 περὶ
1103 448 1301 509 αὐτῶν·
1345 449 1472 510 οὔτε
1511 450 1622 532 γάρ
1667 457 1722 515 ἐς
1760 453 1893 518 τούς

281 530 632 610 Ἀμμωνίους
653 533 918 596 ἀπίκοντο
939 537 1065 597 οὔτε
1088 536 1274 606 ὀπίσω
1295 536 1630 614 ἐνόστησαν·
1665 540 1891 621 λέγεται

283 619 348 679 δὲ
391 622 485 680 καὶ
525 621 658 681 τάδε
699 620 793 681 ὕπ’
839 622 1019 685 αὐτῶν
1063 622 1406 703 Ἀμμωνίων·
1456 625 1645 702 ἐπειδὴ
1691 631 1752 686 ἐκ
1792 632 1892 704 τῆς

281 706 522 773 Ὀάσιος
565 709 769 786 ταύτης
823 711 960 772 ἰέναι
1003 711 1095 772 διὰ
1133 716 1236 789 τῆς
1277 713 1512 792 ψάμμου
1554 715 1644 773 ἐπὶ
1687 717 1889 791 σφέας,
1930 743 1933 746 ·

281 798 553 877 γενέσθαι
591 823 657 857 τε
695 797 895 862 αύτοῧς
933 800 1143 876 μεταξύ
1182 827 1283 862 κου
1321 800 1579 878 μάλιστα
1619 802 1797 864 αὐτῶν
1826 830 1891 865 τε

285 885 386 944 καὶ
422 889 525 961 τῆς
561 883 814 957 Ὀάσιος,
852 885 1086 964 ἄριστον
1118 890 1492 966 αἱρεομένοισι
1523 889 1745 950 αὐτοῖσι
1777 896 1889 951 ἐπι-

283 976 527 1033 πνεῦσαι
565 973 728 1035 νότον
757 975 937 1056 μέγαν
970 1001 1032 1036 τε
1080 976 1174 1036 καὶ
1206 976 1469 1047 ἐξαίσιον,
1512 980 1791 1055 φορέοντα
1831 980 1891 1039 δὲ

284 1061 446 1125 θῖνας
496 1065 598 1137 τῆς
650 1062 885 1140 ψάμμου
925 1064 1258 1143 καταχῶσαί
1300 1070 1502 1140 σφεας·
1570 1065 1663 1123 καὶ
1702 1066 1890 1146 τρόπῳ

281 1147 519 1229 τοιούτῳ
544 1148 947 1226 ἀφανισθῆναι.
1028 1151 1336 1228 Ἀμμώνιοι
1359 1152 1463 1226 μὲν
1489 1149 1630 1211 οὕτω
1653 1154 1892 1233 λέγουσι

280 1238 553 1318 γενέσθαι
577 1238 706 1315 περὶ
729 1241 830 1313 τῆς
856 1244 1124 1316 στρατιῆς
1146 1239 1367 1315 ταύτης.

367 1324 709 1407 Ἀπιγμένου
735 1325 800 1385 δὲ
823 1327 1156 1404 Καμβύσεω
1184 1333 1239 1391 ἐς
1260 1328 1498 1403 Μέμφιν
1525 1327 1702 1404 ἐφάνη
1725 1332 1890 1411 Αἲγυ-
1907 1331 1982 1391 27

281 1414 507 1474 πτίοισι
546 1413 578 1473 ὁ
608 1413 795 1484 ”Απις,
835 1414 937 1475 τὸν
966 1414 1249 1491 Ἕλληνες
1281 1413 1552 1492 Ἔπαφον
1603 1418 1890 1478 καλέουσι·

282 1502 590 1576 ἐπιφανέος
619 1502 679 1562 δὲ
707 1501 908 1562 τούτου
941 1502 1262 1585 γενομένου,
1290 1501 1487 1563 αὐτίκα
1512 1506 1569 1563 οἱ
1595 1504 1891 1585 Αἷγύπτιοι

281 1587 490 1665 εἵματά
513 1616 577 1650 τε
604 1589 840 1667 ἐφόρεον
857 1590 929 1650 τοὶ
957 1591 1245 1652 κάλλιστα·
1270 1591 1361 1650 καὶ
1386 1590 1535 1668 ἦσαν
1556 1596 1616 1652 ἐν
1637 1593 1889 1671 θαλίῃσι·

281 1676 417 1737 ι’,δών
461 1677 521 1736 δὲ
561 1682 737 1738 ταῦτα
770 1676 902 1742 τοῧς
935 1680 1275 1759 Αἰγυπτίους
1315 1684 1609 1744 ποιεῦντας
1651 1679 1683 1740 ὁ
1727 1687 1889 1759 Καμ-

276 1763 491 1841 βύσης,
517 1765 709 1847 πάγχυ
745 1766 930 1842 σφέας
970 1766 1276 1837 καταδόξας
1309 1771 1509 1828 ἑωυτοῦ
1549 1772 1727 1832 κακῶς
1750 1768 1889 1846 πρή-

315 1877 483 1916 αντος
518 1852 856 1933 χαρμόσυνα
888 1857 1065 1915 ταῦτα
1106 1857 1329 1927 ποιέειν,
1372 1855 1565 1916 ἐκάλεε
1604 1856 1736 1920 τούς
1777 1862 1892 1917 ἐπι-

275 1939 526 2018 τρόπους
580 1946 683 2018 τῆς
739 1943 1027 2020 Μέμφιος·
1112 1941 1480 2022 ἀπικομένους
1538 1945 1598 2005 δὲ
1651 1950 1707 2009 ἐς
1759 1944 1890 2023 ὄψιν

279 2029 463 2106 εἴρετο
497 2028 533 2090 ὅ
572 2055 630 2090 τι
668 2030 945 2108 πρότερον
981 2033 1087 2108 μὲν
1129 2031 1314 2097 ἐόντος
1354 2031 1522 2092 αὐτοῦ
1564 2039 1622 2093 ἐν
1663 2036 1885 2110 Μέμφι,

279 2119 505 2179 ἐποίευν
560 2122 815 2180 τοιοῦτον
868 2118 1026 2181 οὐδὲν
1079 2119 1394 2202 Αἰγύπτιοι,
1447 2119 1577 2181 τότε
1639 2121 1715 2192 δὲ,
1769 2122 1890 2181 ἐπεὶ

276 2204 451 2270 αὐτὸς
487 2209 691 2285 παρείη
729 2212 830 2284 τῆς
870 2212 1140 2285 στρατιῆς
1184 2208 1407 2284 πλῆθός
1444 2234 1502 2267 τι
1540 2207 1886 2284 ἀποβαλῶν;

276 2296 341 2354 οἶ
377 2294 435 2353 δὲ
476 2296 722 2373 ἔφραζον
761 2296 833 2359 ὥς
872 2303 985 2373 σφι
1025 2296 1154 2359 θεός
1194 2296 1277 2371 εἴη·
1321 2296 1515 2371 φανεὶς
1554 2295 1645 2354 διοὶ
1682 2295 1888 2374 χρόνου

273 2385 507 2442 πολλοῦ
560 2383 739 2447 ἐωθῶς
792 2384 1206 2461 ἐπιφαίνεσθαι,
1248 2383 1344 2442 καὶ
1390 2382 1462 2446 ὥς
1507 2382 1674 2442 ἐπεοὶν
1715 2386 1885 2461 φανῇ,

273 2468 415 2530 τότε
464 2470 666 2535 πάντες
720 2474 775 2531 οἱ
814 2472 1112 2553 Αἰγύπτιοι
1162 2469 1531 2551 κεχαρηκότες
1582 2469 1883 2547 ὁρτάζοιεν·

273 2561 460 2619 ταῦτα
492 2558 739 2624 ἀκούσας
768 2559 812 2620 ὅ
844 2559 1171 2637 Καμβύσης
1203 2561 1314 2636 ἔφη
1351 2557 1661 2638 ψεύδεσθαί
1680 2564 1884 2634 σφεας·

274 2646 380 2706 καὶ
415 2646 490 2711 ὥς
533 2648 905 2726 ψευδομένους
944 2649 1164 2728 θανάτῳ
1204 2649 1449 2726 ἐζημίου.
1529 2647 1887 2712 Ἀποκτείνας
1904 2650 1981 2708 28

274 2735 346 2795 δὲ
395 2735 640 2807 τούτους,
694 2736 923 2814 δεύτερα
972 2736 1105 2801 τοῦς
1170 2737 1335 2815 ἱρέας.
1375 2736 1570 2797 ἐκάλεε
1623 2742 1678 2801 ἐς
1731 2734 1882 2815 ὄψιν·

272 2823 561 2904 λεγόντων
586 2824 648 2884 δὲ
674 2824 816 2884 κατὰ
838 2824 913 2884 τοὶ
938 2823 1080 2890 αὗτοὶ
1104 2828 1214 2885 τῶν
1243 2827 1416 2905 ἱρέων,
1446 2824 1511 2884 ού
1544 2825 1747 2901 λήσειν
1772 2826 1884 2901 ἔφη

274 2909 454 2972 αὐτόν
491 2917 542 2972 εἷ
582 2911 708 2977 θεός
750 2938 837 2978 τις
887 2912 1185 2993 χειροήθης
1238 2912 1541 2994 ἀπιγμένος
1583 2914 1666 2988 εἴη
1719 2916 1888 2994 Αἰγυ-

269 3000 518 3060 πτίοισι·
588 3005 841 3063 τοσαῦτα
893 3002 955 3061 δὲ
1007 3003 1181 3071 εἶπας,
1235 3001 1464 3082 ἐπάγειν
1516 3001 1738 3059 ἐκέλευε
1786 2999 1888 3061 τόν

259 3087 446 3149 Ἀπιν
469 3088 602 3153 τούς
626 3090 793 3168 ἱρέας·
836 3092 890 3148 οἶ
913 3091 1017 3164 μὲν
1048 3087 1119 3163 δὴ
1148 3089 1423 3164 μετήϊσαν
1453 3086 1696 3157 ἄξοντες·
1735 3087 1795 3166 (ὁ
1820 3089 1882 3148 δὲ

258 3176 444 3241 ”Ams-
481 3176 644 3242 οὗτος
682 3177 740 3258 [ὁ
775 3173 1083 3255 Ἕπαφος,]
1122 3175 1333 3254 γίνεται
1377 3174 1600 3253 μόσχος
1639 3180 1701 3234 ἐκ
1739 3175 1886 3252 βοός

268 3264 404 3343 ἥτις
468 3264 652 3326 ούκέτι
715 3264 808 3340 οἴη
863 3287 928 3323 τε
991 3263 1203 3342 γίνεται
1258 3266 1316 3327 ἐς
1378 3264 1633 3343 γαστέρα
1699 3261 1885 3326 ἄλλον
