2184 3517
340 95 409 144 80
945 94 1313 144 ἨΡΟΔΟΤΟΤ
1866 91 1944 158 [Ῐ.

337 174 631 252 Τάβαλον·
671 177 765 236 καὶ
787 179 955 237 τοῦτο
977 175 1082 253 μὲν
1108 175 1388 253 Πριηνέας
1413 172 1946 252 ἐξηνδραποδίσατο,

343 266 512 324 τοῦτο
538 263 599 322 δὲ
624 262 949 341 Μαιάνδρου
973 264 1164 323 πεδίον
1189 267 1302 324 πᾶν
1330 261 1605 339 ἐπέδραμε
1629 262 1797 339 ληίην
1819 291 1948 327 ποι·-

341 349 566 428 ει’μενος
604 355 681 430 τῷ
722 356 961 431 στρατῷ,
994 353 1336 433 Μαγνησίην
1367 350 1427 410 δὲ
1467 348 1746 414 ὦσαύτως·
1796 354 1947 429 μετὰ

250 440 361 501 162
380 439 440 499 δὲ
477 443 655 499 ταῦτα
689 437 887 498 αὐτίκα
908 438 1094 518 νούσῳ
1118 442 1371 518 τελευτᾷ.
1433 436 1847 503 Ἀποθανόντος
1881 442 1947 502 δὲ

337 526 554 598 τούτου,
579 524 872 607 Ἀρπαγος
909 527 1125 603 κατέβη
1160 526 1419 605 διάδοχος
1452 529 1555 601 τῆς
1579 527 1942 606 στρατηγίης,

339 614 500 695 γένος
528 613 620 673 καὶ
646 612 812 677 αὖτὸς
846 614 947 674 ἐών
971 615 1186 690 Μῆδος,
1213 611 1393 692 (τὸνε
1360 639 1392 673 o
1418 610 1629 688 Μήδων
1659 614 1946 688 βασιλεῦς
2026 612 2033 617 ’

338 698 656 781 Ἀστυαγης
688 699 874 781 ἀνόμῳ
906 702 1154 779 τραπέζῃ
1191 699 1484 780 ἔδαισε,>’
1452 727 1484 760 ο
1518 704 1595 779 τῶ
1635 700 1802 781 Κύρῳ
1835 702 1945 779 τήν

338 789 653 865 βασιληίην
693 787 1315 870 συγκατεργασάμενος.
1382 785 1544 851 οὗτος
1587 786 1630 847 ὦ
1641 786 1762 866 ’νὴρ
1810 788 1945 851 τότε

336 874 447 936 ῦπό
475 874 666 954 Κύρου
692 875 1010 958 στρατηγός
1043 875 1377 955 ἀποδεχθεὶς
1402 874 1475 939 ὥς
1499 873 1729 936 ἀπίκετο
1757 881 1812 941 ἐς
1835 877 1944 954 τὴν

339 962 567 1048 Ἰωνίην,
597 964 746 1042 αἵρεε
776 963 876 1027 τοὶς
909 963 1116 1028 πόλιας
1147 962 1394 1043 χώμασι·
1435 961 1574 1027 ὅκως
1606 963 1717 1045 γὰρ
1754 965 1944 1045 τειχή-

339 1077 469 1130 ρεας
504 1051 775 1128 ποιήσειε,
799 1051 867 1113 τό
895 1052 1144 1113 ἐνθεῦτεν
1167 1051 1405 1131 χώματα
1425 1054 1546 1130 χῶν
1569 1051 1711 1128 πρός
1734 1052 1807 1112 τὰ
1831 1055 1944 1114 τεί-

301 1140 723 1219 μχες,ιιψεῖζι-ζζόρθεε.
785 1140 979 1219 πρώτῃ
1005 1140 1065 1199 δὲ
1089 1140 1314 1218 Φωκαίῃ
1337 1138 1547 1216 Ἰωνίης
1572 1141 1920 1219 ἐπεχείρησε.

249 1228 366 1288 163
466 1232 540 1288 Οἱ
566 1228 625 1290 δὲ
650 1228 919 1292 Φωκαιέες
946 1225 1101 1289 οὗτοι
1118 1227 1437 1308 ναυτιλίῃσι
1459 1232 1712 1306 μακρῇσι
1729 1233 1946 1307 πρῶτοι

338 1315 628 1392 Ἑλλήνων
668 1314 1003 1394 ἐχρήσαντο·
1058 1316 1152 1375 καὶ
1190 1314 1291 1376 τόν
1328 1341 1393 1376 τε
1434 1314 1661 1393 Ἀδρίην
1701 1317 1794 1376 καὶ
1837 1317 1945 1394 τὴν

340 1404 655 1480 Τυρσηνίην
689 1403 782 1462 καὶ
812 1402 916 1478 τὴν
944 1401 1203 1482 Ἰβηρίην
1229 1403 1322 1462 καὶ
1355 1402 1454 1464 τόν
1485 1404 1824 1481 Ταρτησσόν
1851 1403 1944 1466 οὗ·

338 1491 435 1551 τοί
466 1494 577 1550 εἰσι
602 1493 656 1551 οἱ
683 1490 1094 1560 καταδέξαντες·
1136 1491 1528 1552 ἐναυτίλλοντο
1555 1492 1614 1552 δὲ
1640 1491 1945 1575 οὖστρογ-

283 1636 297 1650 ‚
339 1577 554 1660 γύλῃσι
578 1578 744 1654 νηυσὶ
769 1577 926 1638 σ’,λλοῖ
947 1579 1453 1657 πεντηκοντέροισι.
1520 1578 1848 1657 ἀπικόμενοι
1882 1582 1947 1642 δὲ

342 1671 398 1731 ἐς
426 1666 527 1727 τὸν
561 1665 916 1743 Ταρτησσόν,
943 1667 1293 1745 προσφιλέες
1325 1668 1577 1749 ἐγένοντο
1602 1671 1680 1746 τῷ
1701 1669 1949 1745 βασιλέϊ

341 1758 452 1815 τῶν
488 1754 873 1832 Ταρτησσίων,
908 1758 987 1834 τῷ
1027 1752 1239 1832 οὔνομα
1274 1757 1380 1831 μὲν
1412 1753 1483 1831 ἦν
1514 1752 1946 1837 Ἀργανθώνιος·

343 1841 701 1919 ἐτυράννευσε
736 1841 797 1902 δὲ
827 1846 1168 1920 Ταρτησσοῦ
1205 1842 1523 1924 ὀγδώκοντα
1556 1844 1697 1916 ἔτεα,
1733 1845 1945 1921 ἐβίωσε

342 1929 403 1989 δὲ
446 1929 631 1991 πάντα
677 1930 858 1990 εἴκοσι
909 1932 1003 1990 καὶ
1054 1929 1268 1991 ἑκατόν.
1348 1929 1524 2011 τούτῳ
1568 1932 1630 1991 δὲ
1668 1935 1746 2011 τῷ
1785 1931 1946 2011 α’νδρὶ

340 2019 691 2094 προσφιλέες
726 2021 781 2078 οἱ
814 2019 1087 2082 Φωκαιέες
1121 2017 1262 2086 οὕτω
1289 2017 1359 2096 δή
1383 2045 1440 2080 τι
1467 2019 1737 2101 ἐγένοντο,
1766 2019 1839 2084 ὥς
1871 2021 1945 2082 τὰ

340 2108 445 2182 μὲν
484 2104 679 2183 πρῶτοί
722 2111 908 2182 σφεας
954 2105 1284 2190 ἐκλιπόντας
1326 2105 1538 2183 Ἰωνίην
1581 2107 1801 2168 ἐκέλευε
1842 2112 1946 2185 τῆς

343 2196 545 2253 ἑωυτοῦ
578 2192 765 2274 χώρης
796 2198 1024 2271 οἷκῆσαι
1056 2194 1189 2255 ὅκου
1219 2192 1552 2271 βούλονται·
1591 2195 1736 2273 μετοὶ
1767 2195 1844 2267 δὲ,
1872 2195 1946 2261 ὥς

341 2281 509 2343 τοῦτό
536 2308 605 2364 γε
637 2281 738 2342 οὐκ
778 2283 963 2344 ἔπειθε
994 2282 1127 2346 τοῦς
1163 2281 1459 2355 Φωκαιεάς,
1487 2282 1520 2342 ὁ
1546 2283 1607 2343 δὲ
1631 2282 1946 2361 πυθόμενος

341 2368 442 2430 τᾶν
473 2370 674 2445 Μῆδον
708 2368 838 2447 παρ’
866 2370 1046 2431 αὐτῶν
1082 2371 1156 2435 ὥς
1193 2368 1433 2442 αὔξοιτο,
1461 2371 1643 2431 ἐδίδου
1670 2377 1784 2447 σφι
1805 2371 1945 2451 χρή·

343 2482 495 2534 ματα
541 2461 732 2538 τεῖχος
781 2459 1203 2537 περιβαλέσθαι
1249 2459 1355 2535 τὴν
1403 2458 1593 2520 πόλιν·
1654 2459 1834 2521 ἐδίδου
1885 2462 1947 2522 δὲ

343 2544 642 2622 ἀφειδέως·
682 2546 776 2605 καὶ
803 2545 914 2656 γὰρ
953 2546 1044 2606 καὶ
1083 2572 1122 2622 η
1163 2547 1421 2623 περίοδος
1457 2552 1560 2607 τοῦ
1596 2548 1813 2627 τείχεος
1842 2548 1947 2610 οὐκ

348 2629 581 2743 ὀλίγοι
576 2631 802 2692 στάδιοί
840 2636 970 2693 εἰσι·
1022 2638 1190 2695 τοῦτο
1231 2633 1292 2693 δὲ
1325 2639 1440 2695 πᾶν
1475 2636 1648 2697 λίθων
1682 2635 1948 2718 μεγάλων

251 2720 368 2779 164
387 2720 480 2778 καὶ
523 2744 581 2779 ευ
629 2721 1265 2828 συναρμοσμένων.Το
1314 2725 1420 2800 μὲν
1460 2723 1529 2799 δὴ
1571 2724 1755 2803 τεῖχος
1791 2727 1950 2786 τοῖσι

345 2808 657 2866 Φωκαιεῦσι
689 2807 878 2887 τρόπω
906 2808 1099 2887 τοιῷδε
1130 2809 1444 2887 ἐξεποιήθη.
1511 2810 1544 2871 ὁ
1571 2813 1631 2872 δὲ
1653 2812 1950 2894 Αρπαγος

348 2920 419 2958 ως
457 2895 704 2955 ἐπέλασε
736 2894 841 2971 τὴν
877 2898 1166 2974 στρατιὴν,
1199 2897 1521 2977 ἐπολιόρκεε
1555 2898 1768 2970 αυτοῦς,
1810 2925 1950 2978 προ-

344 2976 645 3062 ισχόμενος
678 2983 814 3044 ἔπεα
854 2992 890 3021 “
906 2983 978 3048 ὥς
1009 2987 1064 3045 οἱ
1104 2990 1373 3065 καταχρᾷ,
1401 2990 1451 3046 εἰ
1484 2987 1795 3063 βούλονται
1829 2995 1949 3047 Φω-

347 3071 523 3134 καιέες
559 3077 935 3152 προμαχεῶνα
967 3074 1062 3133 ἕνα
1090 3074 1299 3151 μοῦνον
1329 3078 1429 3133 τοῦ
1460 3075 1675 3152 τείχεος
1713 3077 1949 3154 ἐρεῖψαι,

350 3159 442 3219 καὶ
472 3158 678 3237 οἴκημα
719 3162 777 3222 ἓν
810 3160 1167 3239 κατιρῶσαι·”
1209 3164 1264 3221 οἱ
1300 3160 1358 3220 δὲ
1390 3162 1664 3225 Φωκαιέες
1689 3188 1952 3240 περιημε-

349 3248 593 3312 κτέοντες
630 3253 704 3330 ’τῇ
731 3247 1067 3329 δουλοσύνῃ,
1094 3248 1318 3325 ἔφασαν
1353 3258 1390 3285 “
1407 3249 1593 3310 θέλειν
1628 3251 1954 3327 βουλεύσα-
