2184 3517
390 109 490 159 220
981 106 1353 157 ‘HPOAO'ro’r
1852 103 1996 169 [111.

389 186 484 248 καὶ
518 184 891 263 Πολυκράτεα
926 184 1029 247 τᾶν
1056 183 1313 255 Αἰάκεος,
1345 183 1409 248 ὃς
1447 184 1586 263 ἔσχε
1626 182 1823 260 Σάμον
1860 188 2000 243 ε’πα-

388 272 616 337 ναστάς·
670 272 764 332 καὶ
807 272 880 332 τοὶ
925 275 1031 350 μὲν
1074 274 1273 348 πρῶτα
1316 275 1484 351 τριχῆ
1530 270 1845 346 δασάμενος
1890 271 2001 347 τὴν

387 361 560 423 πόλιν
581 363 737 422 τοῖσι
761 358 1096 437 ἀδελφεοῖσι
1120 359 1512 439 Πανταγνώτῳ
1538 359 1633 418 καὶ
1664 361 1999 423 Συλοσῶντι

391 449 591 527 ἔνειμε·
631 448 777 525 μετσὶ
817 447 894 517 δὲ,
920 446 1021 507 τὸν
1058 449 1165 525 μὲν
1205 445 1387 506 αὐτῶν
1426 445 1755 509 ἀποκτείνας
1790 444 1897 506 τᾶν
1936 446 1999 505 δὲ

387 535 651 613 νεώτερον
677 536 1019 600 Συλοσῶντα
1054 535 1328 604 ἐξελάσας
1364 535 1501 613 ἔσχε
1532 537 1727 595 πᾶσαν
1749 532 1857 610 τήν
1886 532 1999 598 Σά-

389 650 514 701 μον,
533 625 712 703 ἴσχων
732 623 809 692 δὲ,
832 623 1071 699 ξεινηῒην
1095 621 1313 699 Ἀμάσι
1337 626 1415 700 τῷ
1436 620 1723 701 Αἰγύπτου
1746 622 2000 697 βασιλέι·

391 710 752 787 συνεθήκατο,
795 711 1029 786 πέμπων
1070 734 1134 770 τε
1174 709 1323 786 δῶρα
1362 710 1456 768 καὶ
1501 707 1798 785 δεκόμενος
1834 706 2001 768 ἄλλα

389 798 519 876 παρ’
546 799 773 859 ἐκείνου.
842 803 900 858 ἐν
924 797 1109 877 χρόνῳ
1146 797 1206 857 δὲ
1236 796 1412 878 ὀλίγῳ
1437 794 1637 857 αὐτίκα
1666 800 1768 858 τοῦ
1800 800 2000 858 Πολυ·

391 885 619 965 κράτεος
648 886 722 946 τά
745 884 1053 967 πρήγματα
1082 884 1299 958 αὔξετο,
1330 885 1423 944 καὶ
1456 882 1529 960 ἦν
1552 882 1927 961 βεβωμένα’
1888 884 2001 946 ανά

388 1000 452 1035 τε
488 974 593 1050 τήν
630 973 844 1051 Ἰωνίην
884 974 978 1033 καὶ
1016 973 1123 1050 τὴν
1162 970 1347 1048 ἀλλην
1385 970 1659 1032 Ελλάδα·
1707 970 1845 1032 ὅκου
1884 971 2001 1084 γὰρ

393 1060 601 1123 ἰθύσειε
654 1060 1062 1140 στρατεύεσθαι
1107 1060 1292 1120 πάντα
1345 1061 1400 1120 οἱ
1450 1058 1656 1138 ε’χῶρεε
1706 1059 1999 1139 εὐτυχέως·

389 1151 587 1227 ἔκτητο
637 1149 698 1209 δὲ
748 1150 1213 1225 πεντηκουέρους
1261 1172 1326 1210 τε
1378 1146 1577 1208 ε’κατον
1630 1146 1723 1207 καὶ
1772 1149 2001 1226 χιλίους

388 1238 638 1309 τοξότας.
695 1239 860 1315 ἔφερε
885 1238 947 1297 δὲ
970 1237 1064 1296 καὶ
1087 1235 1195 1317 ἦγε
1219 1235 1448 1305 πάντας,
1469 1234 1759 1312 διακρίνων
1777 1234 1997 1296 οὐδένα·

388 1330 466 1405 τῷ
498 1327 619 1410 γάρ
650 1327 804 1405 φίλῳ
832 1327 942 1402 ἔφη
971 1325 1297 1404 χαριεῖσθαι
1329 1327 1558 1401 μαλλον
1588 1321 1893 1388 ἀποδιδούς
1926 1324 2001 1384 τά

390 1411 642 1489 ἔλαβε
607 1439 644 1489 η
685 1413 867 1522 ἀρχὴν
906 1413 1047 1490 μηδὲ
1087 1411 1308 1488 λαβων.
1376 1410 1593 1489 συχνὰς
1628 1412 1734 1488 μὲν
1773 1411 1846 1488 δή
1886 1437 1999 1474 των

392 1499 580 1576 νήσων
604 1501 826 1577 αιρήκεε
855 1498 1052 1559 πολλοὶ
1081 1500 1144 1558 δὲ
1179 1500 1273 1559 καὶ
1304 1502 1408 1575 τῆς
1439 1497 1675 1575 ἠπείρου
1707 1497 1911 1569 ἄστεα,
1938 1502 1999 1560 ἐν

388 1586 450 1647 δὲ
482 1587 553 1664 δὴ
585 1588 677 1647 καὶ
710 1588 1001 1664 Λεσβίους
1034 1589 1389 1665 πανστρατιῇ
1419 1586 1767 1663 βοηθέοντας
1804 1591 1996 1663 Μιλη-

392 1675 575 1736 σίοισι
599 1676 879 1755 ναυμαχίῃ
906 1676 1193 1753 κρατήσας
1224 1675 1359 1735 εἷλε·
1401 1673 1457 1734 οἳ
1481 1673 1591 1750 τήν
1615 1673 1838 1752 τάφρον
1864 1676 1997 1753 περὶ

296 1763 372 1825 40
388 1764 456 1825 τὰ
479 1767 666 1844 τεῖχος
690 1762 757 1824 τὰ
785 1768 845 1823 ἐν
865 1762 1038 1843 Σάμῳ
1061 1767 1258 1824 πᾶσαν
1283 1761 1561 1839 δεδεμένοι
1587 1760 1819 1840 ὤρυξαν.
1875 1765 2001 1824 Καί

391 1877 498 1916 κως
531 1851 634 1913 τᾶν
659 1850 915 1928 Ἄμασιν
952 1850 1225 1930 εὐτυχέων
1256 1850 1515 1932 μεγάλως
1547 1848 1582 1910 ὅ
1619 1851 1995 1928 Πολυκράτης

390 1938 492 1999 οὐκ
518 1937 805 2010 ε’λάνθανε,
832 1937 990 1999 ἀλλά
1020 1941 1077 1999 οἶ
1106 1937 1255 1999 τοῦτ’
1281 1937 1353 2014 ἦν
1377 1939 1655 2015 ε’πιμελές·
1694 1943 1900 2018 πολλῷ
1932 1940 1993 2000 δὲ

389 2026 470 2086 ἔτι
492 2025 732 2091 πλεῦνός
751 2029 807 2087 οἱ
827 2026 1080 2106 εὐτυχίης
1098 2026 1405 2108 γινομένης,
1425 2026 1649 2108 γράψας
1668 2030 1724 2091 ε’ς
1745 2028 1991 2104 βιβλίον

385 2112 520 2174 τάδε
545 2114 835 2176 ε’πέστειλε
859 2119 917 2179 ές
944 2113 1157 2190 Σάμον·
1189 2112 1483 2190 ’(*Αμασις
1510 2114 1869 2192 Πολυκράτει
1888 2114 1991 2176 ὦδε

379 2201 564 2284 λέγει·
602 2202 708 2279 ἦδύ
736 2204 842 2280 μὲν
865 2200 1249 2263 πυνθάνεσθαι
1278 2200 1453 2280 ἄνδρα
1480 2203 1657 2278 φίλον
1682 2203 1777 2261 καὶ
1812 2203 1995 2273 ξεῖνον

391 2288 452 2350 εὖ
475 2289 828 2368 πρήσσοντα,
856 2290 983 2367 ἐμοὶ
1016 2289 1078 2350 δὲ
1108 2292 1169 2350 αἱ
1198 2289 1301 2350 σαὶ
1333 2289 1581 2372 μεγάλαι
1616 2288 1866 2368 εὐτυχίαι
1891 2291 1995 2352 οὐκ

391 2376 697 2455 ἀρέσκουσι
733 2379 802 2440 τό
842 2380 994 2439 θεῖον
1033 2379 1385 2457 ἐπισταμένῳ
1419 2376 1492 2442 οἷς
1530 2377 1654 2438 ἔστι
1694 2378 1992 2456 φθονερόν·

390 2468 488 2526 καί
507 2493 613 2531 κως
635 2466 1101 2544 βούλομαι-καὶ
1127 2464 1293 2529 αὐτὸς
1318 2465 1411 2525 καὶ
1435 2468 1548 2526 τῶν
1569 2463 1640 2525 ἂν
1659 2465 1994 2544 κήδωμαι-

387 2553 458 2614 τό
481 2556 588 2631 μέν
609 2579 668 2616 τι
694 2554 968 2635 εὐτυχέειν
990 2558 1104 2616 τῶν
1127 2552 1471 2635 πρηγμάτων
1493 2551 1561 2614 τὸ
1588 2552 1650 2613 δὲ
1674 2557 1993 2631 προσπταί-

391 2667 487 2712 ειν,
514 2642 763 2712 ἔναλλάξ
782 2642 1077 2720 πρήσσων·
1113 2644 1206 2703 καὶ
1232 2641 1375 2704 οὕτω
1399 2643 1684 2719 διαφέρειν
1699 2643 1801 2704 τᾶν
1820 2648 1995 2704 αἰῶνα

389 2726 429 2804 ἢ
468 2727 742 2809 εὐτυχέειν
779 2730 853 2790 τά
897 2730 1101 2792 πάντα·
1157 2730 1353 2791 οὐδένα
1397 2730 1509 2813 γάρ
1550 2756 1628 2791 κω
1667 2730 1824 2813 λόγῳ
1864 2731 1994 2792 οἶδα

390 2814 652 2887 ἀκούσας,
679 2816 837 2881 ὅστις
863 2822 919 2882 ἐς
948 2820 1115 2883 τέλος
1150 2818 1217 2879 οὐ
1253 2823 1432 2883 κακῶς
1463 2818 1793 2895 ἐτελεύτησε
1818 2819 1992 2897 πρόρ-

389 2905 540 2982 ριζος
580 2904 849 2983 εὐτυχέων
885 2905 960 2967 τά
997 2906 1200 2968 πάντα.
1269 2906 1346 2968 σύ
1388 2905 1464 2967 ὧν
1502 2910 1600 2967 νῦν
1640 2908 1767 2985 ε’μοὶ
1803 2907 1992 2969 πειθό-

387 3016 554 3066 μενος
582 2993 825 3067 ποίησον
851 3019 994 3070 προς
1016 2994 1119 3056 τσῖς
1149 2993 1401 3073 εὐτυχίας
1431 2995 1636 3055 τοιάδε·
1679 2997 1994 3072 φροντίσας

388 3101 458 3136 το
499 3075 567 3136 ἂν
607 3077 767 3155 εὕρῃς
808 3079 899 3139 ε’όν
937 3105 1027 3140 τοι
1064 3082 1342 3141 πλείστου
1382 3081 1539 3150 ἄξιον
1579 3081 1672 3141 καὶ
1711 3082 1797 3142 ἐπ’
1829 3080 1877 3161 ᾧ
1916 3083 1993 3143 σύ

384 3160 718 3241 ἀπολομένῳ
733 3165 1023 3274 „faiho-ra
1075 3168 1182 3242 τὴν
1234 3168 1425 3245 ψυχην
1480 3169 1771 3249 ἀλγήσεις,
1825 3174 1995 3231 τοῦτο

387 3246 653 3323 ἀπόβαλε
693 3250 835 3310 οὕτω
872 3251 1012 3316 ὅκως
1049 3254 1250 3329 μηκέτι
1283 3253 1406 3329 ἥξει
1444 3281 1500 3318 ες
1537 3255 1884 3333 ἀνθρώπους·
1926 3257 1997 3335 ἥν
