2184 3517
214 115 416 181 7-11]
893 117 1161 168 eAAEu.
1731 120 1830 168 203

215 198 443 274 χανᾶτο
493 196 696 256 τοιάδε.
778 194 989 260 οἷσκούς
1041 195 1307 273 καμήλων
1345 196 1580 274 πλήσας
1614 197 1829 269 ὕδατος,

218 283 469 352 ἐπέσαξε
508 284 599 343 ε’πὶ
637 283 739 346 τοῖς
779 282 919 354 ζωᾶς
955 287 1066 344 τῶν
1108 282 1373 360 καμήλων
1408 281 1617 347 πάσας·
1656 288 1826 345 τοῦτο

218 370 285 429 δὲ
341 370 599 446 ποιήσας,
651 368 838 446 ἤλασε
890 377 946 434 ἐς
996 371 1122 448 τήν,
1152 370 1400 447 ἄνυδρον,
1448 372 1540 431 καὶ
1591 371 1828 449 ὑπέμενε

221 458 467 519 ἐνθαῦτα
526 457 626 519 τὸν
686 459 1018 536 Καμβύσεω
1077 459 1341 537 στρατόν.
1422 456 1583 525 οὗτος
1625 463 1744 537 μὲν
1794 460 1830 522 o‘

219 545 598 625 πιθανώτερος
648 550 761 606 τῶν
810 546 997 628 λόγων
1051 548 1281 624 εἴρηται·
1351 547 1438 607 δεῖ
1486 548 1546 608 δὲ
1593 549 1685 608 καὶ
1728 548 1830 611 τᾶν
1909 611 1924 618 ,

219 630 418 709 ἧσσον
445 634 696 705 πιθανόν,
735 636 860 694 ε’πεί
884 661 953 717 γε
994 635 1064 711 δή
1108 636 1351 716 λέγεται,
1389 636 1648 712 ῥηθῆναι.
1727 664 1828 697 πο-
1867 671 1874 708 ;

221 722 403 797 ταμός
428 726 552 782 ε’στι
578 723 755 803 μέγας
784 728 843 783 έν
881 726 955 801 τῇ
978 722 1225 801 Ἀραβίῃ
1260 727 1339 802 τῷ
1373 722 1583 802 οὔνομα
1619 723 1825 802 Κόρυς·

224 808 434 869 ἐκδιδοῖ
471 810 531 869 δὲ
570 807 731 874 οὗτος
778 815 835 874 ἐς
871 810 976 887 τήν
1014 809 1292 888 Ἐρυθρὴν
1345 813 1685 889 καλεομένην
1731 811 1826 873 θά-

222 899 481 957 λασσαν·
544 896 657 958 ‹in-6
697 897 897 959 τούτου
937 898 1007 975 δή
1052 896 1127 958 ὧν
1164 903 1267 958 τοῦ
1306 904 1563 976 ποταμοῦ
1601 901 1828 981 λέγεται

219 983 329 1045 τᾶν
360 987 635 1062 ·βασιλέα
684 990 795 1047 τῶν
832 987 1134 1064 Ἀραβίων,
1176 987 1500 1066 ῥαψάμενον
1551 992 1660 1047 τῶν
1702 988 1843 1065 ὦμο-

220 1073 411 1149 βοέων
446 1074 537 1133 καὶ
574 1079 685 1135 τῶν
727 1073 918 1135 ἄλλων
959 1074 1243 1151 δερμάτων
1276 1073 1475 1154 ὄχετὸν
1505 1073 1671 1151 μήκει
1709 1081 1823 1135 ἔπι·-

223 1160 521 1237 κνεύμεῦον
547 1167 602 1224 ἐς
624 1162 728 1239 τήν
760 1162 1009 1241 ἄνυδρον,
1038 1162 1273 1243 οἷγαγεῖν
1309 1162 1400 1222 διαὶ
1426 1161 1495 1237 δὴ
1530 1162 1731 1223 τούτου
1756 1162 1824 1224 τό

220 1247 389 1325 ὕδωρ·
446 1254 505 1309 ε’ν
558 1249 620 1309 δὲ
667 1254 741 1330 τῇ
793 1250 1005 1330 ἀνύδρῳ
1055 1251 1311 1330 μεγάλας
1362 1250 1659 1328 δεξαμενὰς
1704 1250 1827 1329 ὀρύ-

222 1336 452 1406 ξασθαι,
503 1338 594 1397 ἴνα
644 1337 934 1415 δεκόμεναι
979 1339 1046 1398 τό
1094 1338 1237 1416 ὕδωρ
1279 1338 1521 1409 σώζωσι·
1580 1338 1732 1417 (ὁδὸς
1778 1339 1827 1400 δ’

223 1423 352 1484 ἔστι
391 1424 634 1485 δυώδεκα
671 1425 920 1504 ἦμερέων
955 1424 1068 1486 ‹in-6
1107 1430 1208 1485 τοῦ
1243 1430 1499 1502 ποταμοῦ
1536 1431 1591 1489 ἐς
1620 1427 1828 1503 ταύτην

220 1510 331 1587 τὴν
349 1512 625 1594 ἄνυδρον)
661 1513 817 1595 ἄγειν
842 1514 905 1573 δέ
926 1539 1026 1591 μιν
1045 1513 1137 1574 διὰ
1165 1513 1375 1593 ὀχετῶν
1393 1517 1561 1592 τριῶν
1588 1520 1643 1578 ἐς
1666 1515 1828 1593 τριξσῖ

220 1601 424 1681 χωρία.

310 1686 410 1748 Ἐν
459 1688 522 1749 δὲ
569 1693 647 1769 τῷ
699 1691 1008 1771 Πηλουσίῳ
1061 1691 1379 1770 καλεομένῳ
1433 1690 1674 1768 στόματι
1726 1695 1828 1751 τοῦ
1848 1692 1923 1751 10

223 1776 447 1837 Νειλου
503 1777 1001 1854 ἐστρατοπεδεύετο
1054 1778 1419 1855 Ψαμμήνιτος
1471 1778 1504 1839 ὅ
1557 1777 1831 1855 Ἀμάσιος

222 1867 376 1933 παῖς,
402 1864 690 1942 ὑπομένων
731 1865 1076 1943 Καμβύσεα·
1135 1865 1391 1942 ’Ἄμασιν
1419 1866 1530 1948 γὰρ
1571 1866 1636 1926 οὗ
1675 1868 1829 1926 κατέ-

223 1953 383 2028 λαβε
409 1953 587 2023 ζῶντα
612 1953 939 2030 Καμβύσης
965 1953 1177 2017 ἐλάσας
1204 1953 1289 2013 ἐπ’
1315 1955 1622 2035 Αἴγυπτον·
1675 1954 1832 2014 άλλσῖ

221 2040 586 2116 βασιλεύσας
627 2040 660 2102 ὅ
688 2040 943 2118 Ἀμασις
979 2042 1230 2118 τέσσερα
1277 2043 1369 2101 καὶ
1408 2042 1833 2121 τεσσαράκοντα

225 2128 356 2186 ἔτεα
378 2126 639 2189 άπέθανε·
671 2134 730 2189 ε’ν
746 2132 901 2190 τοῖσι
926 2129 1086 2191 ουδέν
1106 2134 1160 2190 οἶ
1183 2131 1333 2212 μέγα
1358 2129 1627 2207 ἀνάρσιον
1651 2135 1828 2211 πρῆγ-

223 2240 313 2292 μα
343 2218 689 2296 συνενείχθη·
731 2216 1026 2278 α’ποθανων
1051 2217 1112 2277 δε
1138 2219 1230 2277 καὶ
1262 2217 1622 2328 ταριχευθεὶς,
1652 2218 1835 2295 ἐτάφη

227 2309 294 2363 ἐν
315 2308 453 2382 τῇσι
477 2309 702 2384 ταφῇσι
726 2310 863 2384 τῇσι
892 2311 950 2366 ἐν
974 2310 1052 2384 τῷ
1085 2308 1183 2384 ἶρω
1208 2305 1310 2368 τοὶς
1340 2304 1506 2368 αὐτὸς
1546 2305 1834 2380 οἰκοδομή-

228 2417 400 2451 σατο.
484 2394 578 2453 ε’πὶ
611 2394 978 2471 Ψαμμηνίτου
1021 2365 1082 2453 δὲ
1115 2397 1216 2454 τοῦ
1251 2391 1527 2470 Ἀμάσιος
1560 2393 1835 2469 βασιλεύ-

229 2505 393 2543 οντος
439 2480 745 2562 Αἰγύπτου,
795 2481 1004 2559 φάσμα
1047 2482 1409 2564 Αἰγυπτίοισι
1449 2480 1721 2561 μέγιστον
1767 2480 1836 2556 δή

230 2570 472 2649 ἐγένετο·
538 2568 802 2645 ὕσθησαν
847 2595 958 2650 γαρ
1004 2571 1200 2647 Θῆβαι
1246 2572 1305 2628 αἱ
1345 2568 1662 2651 Αἰγύπτιαι,
1711 2566 1838 2628 οὔτε

227 2655 508 2734 πρότερον
562 2656 778 2734 οὗδαμα
815 2655 1082 2718 ὕσθεῖσαι
1128 2656 1255 2718 οὔτε
1291 2681 1528 2735 υστερον
1564 2656 1632 2717 vd
1669 2656 1840 2735 μέχρι

231 2748 383 2820 ε’μεῦ,
410 2770 484 2808 ως
523 2745 759 2826 λέγουσι
800 2744 958 2805 αὖτοὶ
983 2746 1251 2821 Θηβαῖοι.
1339 2745 1403 2807 οὗ
1437 2745 1549 2823 γάρ
1582 2743 1721 2821 δὴ
1687 2770 1841 2805 υεται

229 2835 306 2891 w}
337 2832 450 2892 ἅνω
483 2837 586 2908 τῆς
621 2833 912 2915 Αἰγύπτου
948 2832 1016 2894 τὸ
1057 2833 1342 2911 παράπαν·
1385 2834 1539 2892 ἀλλά
1582 2834 1674 2892 καὶ
1712 2833 1840 2894 τότε

230 2919 500 2996 ὕσθησαν
530 2925 589 2980 αἱ
628 2924 824 2998 Θῆβαι
864 2921 1091 3001 ψακάδι.
1178 2925 1254 2980 Οἱ
1290 2922 1349 2981 δὲ
1383 2923 1608 2998 Πέρσαι
1634 2923 1841 2980 ἐπείτε
1860 2921 1928 2979 11

233 3008 661 3078 διεξελάσαντες
693 3009 799 3085 τήν
833 3008 1067 3087 ἄνυδρον
1102 3011 1283 3081 ἵζοντο
1322 3010 1500 3072 πέλας
1530 3014 1642 3070 τῶν
1678 3013 1842 3089 Αἰγυ-

231 3097 411 3157 πτίων
464 3095 537 3160 ὥς
589 3098 1030 3174 συμβαλέοντες,
1078 3098 1315 3157 ἐνθαῦτα
1362 3099 1417 3157 οἱ
1463 3096 1742 3172 ἐπίκουροι
1787 3098 1842 3155 οἶ

232 3188 339 3246 τοῦ
364 3186 690 3267 Αἰγυπτίου,
720 3184 899 3249 ἐόντες
925 3183 1116 3261 ἄνδρες
1130 3183 1412 3259 Ἕλληνές
1434 3208 1497 3244 τε
1525 3184 1617 3243 καὶ
1637 3186 1840 3261 Κᾶρες,

234 3272 596 3352 μεμφόμενοι
612 3276 689 3352 τῷ
708 3271 862 3352 Φάνῃ
883 3271 977 3333 ὅτι
991 3270 1237 3350 στρατὸν
1251 3270 1430 3353 ἤγαγε
1450 3270 1535 3332 ἐπ’
1555 3271 1844 3352 Αἴγυπτον
