2184 3517
311 105 407 154 130
906 104 1277 155 ἨΡΟΔΟΤΟΤ
1811 107 1913 170 [Π.

307 207 407 260 μοι
437 183 531 242 καὶ
556 182 714 243 ἄλλα
742 181 1014 261 τεκμήριά
1041 188 1166 243 ἐστι
1195 185 1366 244 τοῦτο
1399 180 1541 245 οὕτω
1558 182 1734 264 ἔχειν,
1763 189 1823 247 ἐν
1854 186 1918 246 δὲ

310 270 404 330 καὶ
425 270 570 341 τόδε,
599 270 688 332 ὅτι
712 296 775 331 τε
800 275 903 332 τοῦ
928 270 1242 348 Ἡρακλέος
1275 270 1477 332 τούτου
1509 274 1563 331 οἶ
1596 273 1784 354 γονέες
1809 273 1917 352 οἷμ-

310 357 542 435 φότεροι
572 357 740 434 ἦσαν,
766 357 1124 436 Ἀμφιτρύων
1157 359 1251 419 καὶ
1285 357 1595 436 Ἀλκμήνη,
1622 360 1920 441 γεγονότες

307 445 376 506 τό
403 444 668 507 ἀνέκαθεν
697 445 792 506 ἀπ’
819 445 1127 527 Αἰγύπτου·
1170 447 1263 506 καὶ
1292 445 1437 507 διότι
1461 447 1758 527 Αἰγύπτιοι
1786 448 1919 509 οὕτε

311 534 691 605 Ποσειδέωνος
738 532 865 594 οὔτε
912 533 1273 611 Διοσκούρων
1317 533 1393 594 τοὶ
1439 532 1722 612 οὐνόματά
1761 543 1918 612 φασι

310 621 523 692 εἰδέναι,
552 620 681 682 οὖδέ
710 628 823 699 σφι
860 623 979 684 θεοὶ
1012 620 1169 683 οὗτοι
1198 627 1256 683 ἐν
1279 626 1435 683 τοῖσι
1459 621 1695 684 ἄλλοισι
1727 624 1919 687 θεοῖσι

308 707 729 788 ἀποδεδέχαται.
798 710 890 770 καὶ
913 736 1029 788 μην
1057 709 1110 769 εἴ
1132 736 1199 790 γε
1223 709 1352 788 παρ’
1377 709 1669 786 Ἑλλήνων
1697 713 1918 789 ἔλαβον

309 794 520 873 οὔνομά
548 823 645 857 τευ
676 798 951 876 δαίμονος,
985 796 1196 858 τούτων
1237 796 1341 858 οὖκ
1372 797 1581 875 ἥκιστα
1611 797 1767 858 άλλοὶ
1805 800 1914 876 μά·-

306 888 482 944 λιστα
517 886 758 962 ἔμελλον
791 885 1017 964 μνήμην
1059 886 1216 957 ἕξειν,
1245 887 1398 964 εἴπερ
1433 886 1525 945 καὶ
1563 886 1693 947 τότε
1727 912 1917 948 ναυτι-

305 974 469 1051 λίῃσι
503 974 790 1053 ἐχρέωντο,
828 975 920 1034 καὶ
953 973 1105 1050 ἦσαν
1134 973 1426 1053 Ἑλλήνων
1458 975 1601 1039 τινὲς
1636 979 1910 1048 ναυτιλοι,

307 1059 378 1124 ὥς
414 1062 664 1139 ἔλπομαί
690 1088 753 1124 τε
791 1063 883 1122 καὶ
918 1062 1025 1139 ε’μὴ
1055 1060 1251 1143 γνώμη
1284 1063 1473 1139 αῖρέει·
1517 1062 1665 1123 ὥστε
1698 1061 1913 1126 τούτων

304 1146 373 1209 ἂν
405 1149 497 1208 καὶ
526 1153 754 1227 μᾶλλον
783 1154 895 1211 τῶν
935 1151 1075 1211 θεῶν
1115 1149 1187 1210 τα“
1221 1149 1506 1227 οὐνόματα
1545 1151 1921 1221 ἐξεπιστέατο

304 1235 601 1318 Αἰγύπτιοι
630 1236 668 1314 ἢ
691 1242 793 1299 τοῦ
818 1237 1148 1314 Ἡρακλέος.
1180 1310 1185 1314 ὁ
1216 1236 1372 1297 ἀλλά
1400 1263 1485 1301 τις
1517 1237 1750 1317 ἀρχαῖός
1782 1244 1910 1301 ε’στι

306 1324 431 1388 θεὸς
471 1325 832 1407 Αἰγυπτίοισι
859 1324 1195 1403 εΗρακλέης·
1238 1324 1309 1389 ὥς
1349 1326 1410 1385 δὲ
1450 1324 1609 1386 αὐτοὶ
1646 1327 1908 1408 λέγουσι,

302 1412 426 1472 ἔτεά
451 1418 575 1474 ε’στι
607 1414 1005 1492 ἑπτακισχίλια
1037 1414 1130 1473 καὶ
1162 1414 1334 1491 μύρια
1369 1418 1424 1478 ἐς
1448 1413 1705 1490 Ἀμασιν
1728 1417 1907 1490 βασι-

301 1499 599 1572 λεύσαντα,
628 1502 752 1560 ε’πεί
773 1527 835 1560 τε
866 1505 927 1559 ἐκ
952 1504 1063 1562 τῶν
1089 1500 1233 1562 daero)
1262 1503 1401 1563 θεῶν
1429 1505 1483 1562 οἱ
1515 1501 1756 1562 δυώδεκα
1783 1504 1908 1565 θεοὶ

205 1588 283 1646 44
302 1588 571 1668 ἐγένοντο,
598 1592 709 1649 τῶν
738 1588 1027 1667 Ἠρακλέα
1063 1589 1159 1650 ἕνα
1190 1590 1500 1668 νομίζουσι.
1570 1592 1687 1650 Καὶ
1723 1591 1908 1653 θέλων

300 1675 361 1734 δὲ
388 1675 595 1737 τούτων
624 1677 755 1757 πέρι
785 1678 971 1753 σαφές
1000 1702 1056 1738 τι
1098 1677 1295 1738 εἰδέναι
1336 1678 1399 1749 ἐξ
1438 1675 1514 1739 ὧν
1554 1677 1672 1738 οἶόν
1709 1703 1773 1739 τε
1811 1677 1903 1756 ἦν,

298 1764 548 1825 ἔπλευσα
587 1766 681 1825 καὶ
720 1770 776 1830 ἔς
814 1765 995 1843 Τύρον
1032 1769 1134 1842 τῆς
1173 1766 1446 1843 Φοινίκης,
1488 1765 1907 1845 πυνθανόμενος

301 1852 655 1914 αὖτόθιεῖναι
682 1854 800 1932 ἶρὸν
820 1853 1133 1931 Ἡρακλέος
1153 1852 1332 1936 ἅγιον·
1362 1855 1456 1914 καὶ
1474 1856 1594 1916 ἴδον
1611 1857 1906 1922 πλουσίως

300 1943 815 2020 κατεσκευασμένον
856 1941 1099 2002 ἄλλοισί
1134 1968 1198 2003 τε
1239 1946 1517 2004 πολλοῖσι
1556 1941 1904 2020 ἀναθήμασι,

300 2030 394 2088 καὶ
419 2033 478 2090 ε’ν
506 2028 652 2110 αὐτῷ
669 2030 818 2107 ἦσαν
839 2034 1050 2107 στῆλαι
1069 2029 1186 2101 δύο,
1203 2030 1242 2107 ἦ
1261 2033 1364 2108 μὲν
1378 2035 1596 2111 χρυσοῦ
1617 2030 1900 2108 ἀπέφθου,

297 2117 338 2193 ἦ
365 2118 424 2178 δὲ
450 2118 781 2201 σμαράγδου
808 2120 974 2180 λίθου
1006 2119 1331 2195 λάμποντος
1361 2119 1464 2183 τὰς
1494 2118 1693 2183 νύκτας
1723 2121 1900 2203 μέγα-

297 2206 414 2270 θος·
456 2212 512 2271 ἐς
537 2206 741 2289 λόγους
768 2208 828 2267 δὲ
860 2207 1038 2269 ἐλθών
1062 2212 1219 2268 τοῖσι
1251 2210 1431 2285 ἱρεῦσι
1460 2211 1562 2268 τοῦ
1595 2208 1727 2268 θεοῦ
1756 2208 1902 2286 εἰρό-

294 2320 409 2372 μην
438 2294 641 2360 ὁκόσος
672 2295 872 2376 χρόνος
903 2296 987 2371 εἴη
1025 2295 1087 2365 ἐξ
1128 2293 1192 2355 οὗ
1228 2301 1342 2372 σφι
1374 2295 1442 2356 τὸ
1486 2295 1605 2374 ῖρὸν
1646 2296 1897 2372 ἴδρυται;

298 2382 457 2461 εὗρον
476 2384 537 2444 δὲ
563 2384 689 2445 οὐδὲ
712 2383 938 2447 τούτους
962 2386 1119 2444 τοῖσι
1131 2383 1389 2460 Ἕλλησι
1415 2384 1895 2460 συμφερομένους·

296 2472 519 2548 ἔφασαν
556 2473 668 2554 γὰρ
701 2472 819 2549 ἅμα
858 2472 1017 2550 Τύρῳ
1053 2473 1364 2552 οἰκιζομένῃ
1403 2473 1494 2531 καὶ
1533 2472 1600 2534 vd
1642 2471 1761 2551 ἶρὸν
1791 2477 1898 2534 τοῦ

296 2560 426 2620 θεοῦ
453 2560 755 2638 ἱδρυθῆναι·
798 2559 936 2621 εἶναι
967 2561 1027 2620 δὲ
1059 2561 1185 2623 ἔτεα
1217 2559 1318 2637 ἀφ’
1345 2557 1411 2621 οὗ
1444 2559 1624 2638 Τύρον
1649 2560 1898 2623 οἰκέουσι

293 2647 590 2723 τριηκόσια
630 2648 721 2707 καὶ
762 2647 1036 2727 δισχίλια.
1106 2648 1252 2709 εἶδον
1292 2648 1352 2708 δὲ
1392 2653 1451 2710 ἐν
1489 2654 1562 2728 τῇ
1600 2648 1758 2729 Τύρῳ
1800 2651 1896 2710 καὶ

295 2734 446 2795 ἄλλο
500 2735 621 2811 ἶρόν
665 2734 994 2812 Ἡρακλέος,
1042 2737 1354 2814 ἐπωνυμίην
1401 2738 1627 2818 ἔχοντος
1671 2739 1896 2799 Θασίου

295 2821 453 2883 εἶναι·
493 2820 773 2899 ἀπικόμην
805 2822 864 2882 δὲ
901 2823 995 2883 καὶ
1029 2827 1085 2888 ἐς
1120 2823 1331 2896 Θάσον,
1367 2829 1425 2886 ἐν
1458 2829 1532 2905 τῇ
1569 2823 1731 2905 εὗρον
1771 2826 1903 2903 ἶρὸν·

291 2909 603 2988 Ἡρακλέος
627 2909 737 2971 find
765 2911 1031 2971 Φοινίκων
1058 2912 1363 2989 ἱδρυμένον,
1391 2912 1446 2972 οἳ
1476 2912 1594 2973 κατ’
1621 2911 1897 2992 Εὐρώπης

294 2997 529 3074 ζήτησιν
556 2997 943 3063 ἐκπλώσαντες
968 2998 1161 3060 Θάσον
1189 3000 1431 3061 ἔκτισαν·
1473 3002 1568 3060 καὶ
1597 3006 1773 3061 ταῦτα
1800 3003 1895 3062 καὶ

293 3086 457 3145 πέντε
485 3090 711 3166 γενεῇσι
741 3086 953 3163 ἀνδρῶν
978 3087 1222 3165 πρότερά
1249 3092 1371 3149 ε’στι
1397 3086 1433 3164 ἢ
1458 3088 1557 3149 τὸν
1582 3088 1895 3166 Ἀμφιτρύ-

293 3197 428 3234 ωνος
452 3171 739 3251 Ἡρακλέα
771 3179 831 3235 ἐν
854 3178 927 3253 τῇ
956 3174 1196 3234 Ἑλλάδι
1218 3177 1501 3257 γενέσθαι.
1566 3177 1642 3236 τοὶ
1664 3177 1770 3253 μέν
1795 3202 1897 3237 νυν

294 3259 633 3336 ἱστορημένα
664 3261 832 3338 δηλοῖ
869 3262 1099 3337 σαφέως
1131 3262 1375 3323 παλαιὰν
1411 3262 1540 3327 θεόν
1577 3264 1679 3325 τὸν
1715 3263 1909 3344 Ἡρα--ι
