2184 3517
212 118 269 170 ‘vi
424 141 427 145 -
614 108 619 115 '
686 148 689 150 >
897 115 1223 166 LECTORI.
1301 91 1306 99 ’

214 252 617 308 obsolescerent
639 248 911 321 siquando·
928 265 1030 319 pro
1052 246 1581 318 rerumpublicarum
1597 249 1913 305 mutationi-

141 344 147 349 “
213 344 318 398 bus
340 344 663 399 commercia
687 343 968 397 hominum
991 341 1098 395 alio
1129 340 1590 414 transferrentur3
1624 342 1914 411 Panegyris

215 438 375 506 enim,
416 438 500 493 uti
541 437 745 507 optime
785 438 973 490 monet
1015 433 1238 503 Strabo,
1273 449 1474 503 magna
1514 450 1584 488 ex
1623 437 1783 503 parte
1820 451 1912 499 res

213 522 538 587 mercatoria
560 534 696 587 erat.
767 530 985 585 Lectori
1013 529 1187 599 igitur
1209 529 1377 583 semel
1399 528 1502 582 hac
1525 528 1597 582 de
1619 544 1682 583 re
1704 529 1912 594 monito

107 645 110 648 ·
213 640 323 682 non
345 624 636 682 obscurum
666 623 788 692 erit,
813 622 1110 692 plurimum
1145 638 1213 676 ex
1250 615 1593 691 supellectile
1616 636 1779 689 quam
1804 620 1911 673 his„

213 718 384 774 terias
407 713 813 788 conscripturus
837 714 941 770 sibi
966 715 1242 784 congessit
1269 714 1490 782 Noster,
1514 712 1706 768 deberi
1736 729 1911 767 sacer«

214 809 410 865 dotum
443 808 726 875 sodalitiis,
762 808 964 879 quibus
998 807 1160 862 officii
1195 809 1318 862 erat
1351 806 1559 875 templa
1588 806 1647 860 in
1678 823 1911 876 quorum

212 901 411 957 vicinia
455 905 755 957 conventus
805 902 900 956 isti
946 901 1198 955 solennes
1246 899 1665 955 celebrabantur
1718 914 1911 970 procu-

212 1008 355 1048 rare.·
413 992 555 1048 Inde
578 992 802 1063 planum
825 994 891 1048 fit
914 993 1275 1060 narrationeS‚
1294 995 1568 1062 quotquot
1586 1008 1619 1046 e
1634 991 1735 1047 tali
1756 992 1912 1046 fonte

212 1086 585 1153 manaverunt,
625 1100 728 1139 nec
772 1084 1229 1151 locupletissimos
1270 1084 1476 1138 habere
1493 1149 1497 1154 st
1516 1087 1769 1139 auctores
1809 1100 1911 1139 nec

139 1246 144 1250 .
212 1179 401 1231 tamen
427 1177 648 1234 'omnino
679 1177 1016 1247 spernendas
1047 1193 1187 1246 esse,
1218 1176 1423 1246 quippe
1454 1192 1594 1246 quae
1625 1176 1770 1245 volgi
1798 1176 1912 1244 opi-

212 1268 404 1323 nione's
445 1269 635 1338 quales
673 1285 735 1324 se
781 1272 914 1324 tunc
958 1268 1227 1339 temporis
1276 1268 1585 1337 habuerint,
1624 1268 1740 1324 sine
1785 1269 1911 1324 fuco

213 1359 547 1415 rettulerint.
618 1360 704 1416 De
735 1377 846 1429 qua
876 1377 953 1428 re,
978 1362 1185 1431 quippe
1209 1360 1438 1440 quaein
1469 1361 1806 1430 praefatione
1837 1360 1912 1415 ad

212 1452 479 1521 majorem
496 1447 795 1508 editionem
818 1452 1103 1508 enucleata
1127 1454 1211 1519 sit,
1225 1453 1457 1508 ulterius
1478 1471 1623 1509 nunc
1638 1455 1911 1511 disserere

213 1546 648 1615 supersedemus,
670 1546 918 1601 breviter
947 1548 1166 1600 tantum
1196 1545 1492 1601 indicaturi
1523 1545 1735 1617 aliquas
1764 1564 1796 1603 e
1823 1564 1911 1603 re-

213 1636 471 1705 gionibus·
513 1653 614 1706 per
636 1654 801 1707 quas,
843 1654 999 1696 cum„
1015 1636 1224 1694 Noster
1267 1636 1527 1694 historias
1573 1642 1908 1709 contexeret,

213 1733 556 1785 mercaturae
579 1729 800 1786 fiebant.

319 1823 389 1878 In
418 1823 523 1879 hac
545 1824 865 1894 quaestione
894 1824 1200 1895 principem
1231 1823 1410 1880 locum
1431 1828 1588 1882 tenet
1618 1826 1781 1884 Nilus
1809 1827 1912 1881 flu-

178 1972 184 1978 ,
213 1931 359 1985 men,
375 1916 432 1971 in
454 1916 612 1986 cujus
635 1917 790 1973 ostiis
814 1918 934 1987 jam
957 1918 1089 1973 inde
1112 1935 1148 1974 a
1172 1918 1547 1976 Psammitichi
1568 1921 1911 1991 temporibus

214 2006 481 2076 plurimae
496 2007 750 2064 civitates
769 2009 1011 2065 Graecae
1027 2010 1233 2065 insulas
1250 2015 1660 2080 occupaverant.
1709 2012 1912 2068 Postea

212 2097 455 2153 universi
499 2099 558 2153 in
595 2100 918 2156 Naucratim
956 2103 1147 2171 coacti,
1186 2103 1490 2172 emporium
1534 2104 1613 2157 ibi
1647 2105 1913 2159 constitu-

213 2192 393 2258 erunt,
422 2191 572 2245 unde
604 2192 719 2246 toti
745 2195 1002 2262 Aegypto
1032 2193 1277 2248 inferiori
1311 2210 1523 2249 merces
1553 2197 1779 2252 exterae
1813 2196 1912 2250 im-

211 2283 593 2358 portabantur,
622 2301 834 2340 necnon
868 2302 1046 2355 usque
1081 2286 1156 2341 ad
1191 2286 1420 2356 Thebas,
1457 2304 1562 2356 ope
1598 2289 1912 2346 Etesiorum

212 2379 515 2445 ventorum,
540 2395 642 2447 per
662 2378 1030 2448 quadraginta
1061 2380 1185 2435 fere
1204 2380 1327 2437 dies
1355 2383 1647 2451 quotannis
1679 2384 1912 2440 adverso

211 2466 436 2523 flumine
453 2469 808 2525 vehebantur.
843 2471 993 2526 Hinc
1009 2471 1083 2526 ad
1102 2472 1260 2541 Myos
1280 2473 1569 2540 Hormum‚
1580 2476 1676 2545 qui
1694 2476 1752 2531 in
1768 2478 1912 2532 Ara-

211 2559 336 2615 bico
358 2561 481 2616 sinu
511 2563 651 2618 situs
684 2568 784 2630 est,
806 2581 910 2634 per
934 2564 1159 2626 deserta
1191 2565 1433 2621 locorum
1457 2568 1680 2623 camelis
1710 2568 1912 2627 ibatur.

213 2652 489 2723 Quicquid
497 2659 804 2711 aromatum
817 2674 888 2712 ex
903 2657 1083 2726 India,
1092 2658 1181 2713 vel
1198 2659 1556 2730 Atramitide,
1566 2662 1653 2717 vel
1669 2661 1911 2731 denique

212 2742 548 2814 Taprobana,
571 2747 630 2800 in
662 2747 949 2803 Graeciam
983 2749 1443 2819 pervenerit3hac
1473 2751 1564 2806 via
1596 2753 1913 2821 pervenisse

210 2836 474 2891 credibile
483 2840 583 2892 est.
609 2839 691 2894 At
698 2838 787 2893 vel
794 2840 1174 2894 remotissimis
1186 2839 1527 2910 temporibus
1540 2841 1687 2896 inter
1697 2842 1913 2900 Thebas

213 2931 579 3001 Aegyptiacae
596 2935 656 2986 et
677 2947 831 2986 mare
847 2932 1313 2987 mediterraneum
1329 2936 1657 2990 commercia
1673 2936 1914 3005 viguisse

209 3022 482 3094 videntur,
501 3040 627 3080 cum
661 3024 888 3081 divitiae
916 3024 1083 3094 hujus
1112 3024 1269 3080 urbis
1294 3025 1383 3080 vel
1410 3026 1481 3080 ab
1507 3026 1752 3083 Homero
1775 3030 1913 3085 cele-
2004 3085 2018 3098 ,

209 3114 452 3172 brentur.
524 3118 639 3174 Sed
681 3120 816 3173 tune
857 3118 1124 3187 temporis
1171 3120 1513 3173 mercaturae
1557 3135 1659 3189 per
1702 3123 1914 3176 terram

208 3206 431 3265 fiebant.
500 3209 680 3266 Statio
710 3209 972 3278 primaria
1001 3209 1126 3263 erat
1154 3206 1313 3261 Oasis
1343 3206 1550 3274 Magna
1574 3208 1673 3276 (El
1707 3207 1914 3280 Wah);
