2184 3517
209 51 436 118 93-95]
863 54 1189 105 ΕΤΤΕΡΠΗ.
1726 58 1819 106 15].

210 129 648 213 ἐγχριπτόμενοι
683 131 775 191 καὶ
802 130 1074 210 ψαύοντες
1107 132 1181 197 ῶς
1214 132 1489 211 μάλιστα,
1520 134 1611 195 ἵνα
1642 133 1713 211 δὴ
1737 133 1821 212 μὴ

209 212 518 297 οἷμοῖρτοιεν
546 222 649 295 τῆς
678 218 809 279 ὁδοῦ
842 219 933 279 διὰ
968 219 1069 280 τᾶν
1095 219 1242 297 ῥόον.
1317 220 1485 281 ἐπεοὶν
1513 221 1572 281 δὲ
1607 220 1825 299 πληθύ-

210 309 384 369 εσθαι
408 306 649 387 ἄρχηται
674 306 708 367 ὅ
735 311 961 381 Νεῖλος,
989 307 1062 368 τοί
1088 334 1150 368 τε
1177 312 1344 368 κοῖλα
1370 313 1472 386 τῆς
1497 313 1605 390 γῆς
1632 310 1723 369 καὶ
1749 309 1821 370 ταῖ

209 397 471 473 τέλματα
508 395 581 456 τοὶ
611 394 765 473 παροῖ
797 394 899 455 τὸν
937 396 1198 473 ποταμόν
1237 400 1434 473 πρῶτα
1472 396 1705 477 ἄρχεται
1735 397 1826 457 πί-

210 485 495 555 πλασθαι,
512 483 828 560 διηθέοντος
851 487 955 543 τοῦ
980 482 1180 548 ὕδατος
1208 488 1268 543 ἐκ
1294 489 1398 544 τοῦ
1420 489 1697 562 ποταμοῦ·
1734 484 1826 544 καὶ

213 570 418 632 αὐτίκα
436 596 500 632 τε
525 570 676 630 πλέα
692 570 907 653 γίνεται
931 575 1111 633 ταῦτα
1137 572 1229 632 καὶ
1249 577 1597 652 παραχρῆμα
1620 571 1825 652 ἰχθύων

213 663 474 738 σμικρῶν
516 660 795 719 πίπλαται
837 658 1041 721 πάντα.
1127 658 1292 721 κόθεν
1333 660 1392 719 δὲ
1435 660 1585 724 οἰκὸς
1625 659 1828 726 αυτούς

213 747 551 829 γίνεσθαι,’
524 745 634 827 εγώ
657 772 758 824 μοι
784 746 956 807 δοκέω
983 748 1301 810 κατανοέειν
1325 751 1512 808 τοῦτο·
1553 752 1657 808 τοῦ
1690 774 1826 826 προ-

214 837 387 913 τέρου
439 836 589 898 ἔτεος
640 832 809 896 ἐπεαν
861 834 1120 915 α’πολίπῃ
1167 862 1200 896 ο
1253 840 1482 906 Νεῖλος,
1532 838 1587 896 οἶ
1642 836 1828 915 ἰχθύες

218 922 532 987 ἐντεκόντες
573 920 654 982 ῶιὶ.
694 927 749 986 ἐς
793 921 899 999 τήν
942 923 1067 984 ἶλῦν
1113 921 1234 1001 ἅμα
1277 927 1356 1002 τῷ
1403 922 1625 1004 ἐσχάτῳ
1665 924 1828 985 ὕδατι

219 1009 720 1072 ἀπαλλάσσονται·
763 1010 932 1070 ἐπεοὶν
962 1010 1022 1071 δὲ
1052 1010 1449 1089 περιελθόντος
1482 1015 1584 1071 τοῦ
1620 1010 1828 1090 χρόνου

219 1098 403 1159 πάλιν
422 1100 633 1177 ἐπέλθῃ
652 1098 718 1158 τό
745 1096 908 1176 ὕδωρ,
931 1102 991 1157 ἐκ
1016 1102 1128 1158 τῶν
1149 1097 1266 1158 ώῶν
1286 1097 1494 1158 τούτων
1515 1099 1830 1175 παραυτίκα
1905 1169 1911 1175 ἢ

218 1187 478 1268 γίνονται
515 1189 571 1247 οἳ
610 1185 815 1267 ἰχθύες.
883 1186 976 1246 καὶ
1014 1187 1144 1265 περὶ
1180 1188 1286 1265 μὲν
1314 1185 1447 1251 τούς
1485 1186 1644 1266 ἰχθῦς
1684 1184 1829 1248 οὕτω

221 1277 365 1355 ἔχει.

308 1362 614 1442 Ἀλείφατι
639 1362 700 1424 δὲ
728 1363 999 1444 χρέωνται
1024 1363 1343 1446 Αἰγυπτίων
1368 1366 1425 1425 οἶ
1446 1363 1577 1442 περὶ
1600 1390 1672 1425 τα
1700 1363 1831 1424 ἕλεα
1846 1365 1923 1424 94

222 1453 503 1517 οἰκέοντες
533 1450 648 1513 οἷπό
672 1455 784 1512 τῶν
808 1451 1220 1530 σιλλικυπρίων
1244 1456 1346 1513 τοῦ
1379 1456 1613 1530 καρποῦ,
1639 1479 1706 1513 το
1736 1478 1831 1513 κα-

219 1544 400 1601 λεῦσι
425 1566 529 1617 μεν
555 1537 855 1622 Αἰγύπτιοι
890 1540 1021 1600 κίκι·
1062 1543 1290 1601 ποιεῦσι
1324 1540 1383 1600 δὲ
1417 1538 1540 1600 ὦδε·
1581 1540 1736 1618 παρὰ
1759 1567 1835 1601 τα

219 1630 433 1710 χείλεα
465 1631 575 1688 τῶν
603 1653 667 1688 τε
702 1631 972 1706 ποταμῶν
999 1628 1092 1688 καὶ
1126 1632 1238 1689 τῶν
1267 1630 1508 1707 λιμνέων
1534 1629 1836 1706 σπείρουσι

221 1717 301 1778 τοὶ
358 1714 733 1794 σιλλικύπρια
777 1721 971 1788 ταῦτα,
1015 1717 1090 1777 τοὶ
1138 1722 1197 1778 ἐν
1237 1716 1496 1794 Ἕλλησι
1542 1715 1832 1794 αὐτόματα

223 1804 403 1887 ἄγρια
451 1802 672 1881 φύεται·
724 1808 902 1864 ταῦτα
948 1809 1008 1866 ἐν
1052 1808 1126 1883 τῇ
1168 1805 1433 1887 Αἰγύπτῳ
1474 1804 1835 1883 σπειρόμενα,

225 1889 455 1968 καρπόν
481 1892 642 1969 φέρει
665 1891 889 1952 πολλὰν
913 1894 1018 1969 μὲν
1044 1893 1296 1955 δυσώδεα
1324 1894 1402 1954 δέ·
1442 1898 1643 1955 τοῦτον
1670 1892 1837 1953 ἐπεοὶν

225 1978 639 2050 συλλέξωνται,
675 1982 730 2040 οἱ
768 1981 871 2056 μὲν
907 1979 1178 2060 κόψαντες
1213 1981 1511 2043 ἀπιποῦσι·
1554 1984 1609 2041 οἱ
1645 1981 1706 2040 δὲ
1745 1981 1839 2040 καὶ

225 2066 547 2145 φρύξαντες
592 2066 894 2147 ἀπέψουσι,
942 2070 1035 2128 καὶ
1085 2068 1154 2130 τό
1202 2068 1480 2148 ἀπορρέον
1525 2068 1621 2128 ἀπ’
1669 2067 1839 2129 αὐτοῦ

225 2156 689 2236 συγκομίζονται.
757 2155 881 2215 ἐστι
917 2155 978 2216 δὲ
1016 2160 1149 2220 πῖον
1190 2158 1282 2216 καὶ
1323 2156 1484 2216 οὐδὲν
1512 2154 1703 2232 ἧσσον
1736 2159 1840 2216 τοῦ

225 2242 433 2303 ἐλαίου
465 2247 543 2323 τῷ
572 2242 761 2324 λύχνῳ
789 2246 1085 2322 προσηνὲς,
1115 2242 1296 2320 ὀδμὴν
1331 2243 1392 2302 δὲ
1425 2243 1642 2319 βαρέαν
1673 2242 1841 2318 παρέ-

222 2356 421 2413 χεται.
477 2331 637 2409 Πρὸς
661 2331 721 2391 δὲ
743 2331 877 2396 τοῦς
903 2331 1166 2395 κώνωπας
1192 2330 1475 2409 ἀφθόνους
1502 2328 1693 2393 ἐόντας
1709 2328 1843 2389 τάδε
1859 2331 1934 2391 95

224 2419 410 2495 σφί’
383 2444 507 2479 εστι
531 2420 990 2500 μεμηχανημένα·
1021 2419 1156 2484 τοῦς
1180 2422 1284 2496 μὲν
1303 2445 1376 2479 τα
1402 2444 1514 2479 ανω
1538 2421 1650 2478 τῶν
1676 2418 1844 2479 ἐλέων

225 2510 521 2571 οἷκεοντας
548 2510 602 2568 οἶ
631 2534 837 2595 πυργοι
869 2508 1260 2585 ωφελέουσι,’
1234 2534 1289 2572 ες
1319 2507 1414 2571 οὓς
1446 2505 1845 2583 ἀναβαίνοντες

226 2595 576 2672 κοιμέονται·
611 2598 665 2655 οἱ
689 2622 803 2677 γαρ
830 2595 1080 2659 κώνωπες
1096 2595 1206 2657 υπό
1234 2600 1344 2658 τῶν
1369 2594 1585 2673 οἷνέμ-ων
1610 2594 1711 2655 οῦκ
1737 2594 1851 2655 οἷοί

224 2708 299 2743 τε
321 2685 437 2743 εἶσι
459 2683 610 2762 ὑψοῦ
630 2683 920 2745 πέτεσθαι·
947 2688 1104 2745 τοῖσι
1131 2685 1189 2744 δὲ
1208 2684 1336 2762 περὶ
1354 2684 1426 2745 τοὶ
1448 2686 1580 2743 ἕλεα
1601 2684 1847 2744 οἰκέουσι

225 2770 376 2832 τάδε
399 2770 523 2832 α’,ντὶ
548 2775 662 2832 τῶν
686 2771 913 2853 πύργων
940 2769 1096 2831 ἅλλα
1119 2770 1528 2851 μεμηχάνηται·
1568 2775 1681 2835 πᾶς
1707 2770 1849 2849 ἀνὴρ

228 2858 423 2919 αὐτῶν
463 2858 920 2937 ἀμφίβληστρον
960 2859 1200 2936 ἔκτηται,
1237 2865 1316 2939 τῷ
1352 2864 1455 2936 τῆς
1496 2860 1601 2937 μὲν
1638 2857 1849 2935 ἡμέρης

232 2947 405 3026 ἰχθῦς
425 2945 663 3027 α’γρεύει,
690 2947 795 3024 τήν
821 2947 880 3006 δὲ
907 2946 1077 3008 νύκτα
1102 2947 1237 3007 τάδε
1264 2946 1411 3024 αὐτῷ
1436 2950 1660 3025 χρᾶται·
1695 2949 1754 3005 ἐν
1777 2948 1851 3022 τῇ

231 3034 586 3096 ἀναπαύεται
627 3036 796 3115 κοίτῃ·
815 3036 946 3112 περὶ
976 3033 1187 3109 ταύτην
1220 3035 1418 3108 ἵστησι
1456 3032 1524 3093 τό
1553 3032 1851 3108 α’,μφίβλη-

231 3148 439 3201 στρον,
462 3124 557 3182 καὶ
583 3123 774 3184 ἔπειτα
801 3119 955 3186 ἐνδῦς
978 3119 1072 3183 ὕπ’
1101 3118 1248 3199 αὐτῷ
1281 3119 1550 3193 καθευδει·
1584 3121 1637 3176 οἶ
1666 3118 1725 3177 δὲ
1751 3116 1850 3176 κώ·-

229 3235 438 3281 νανπες,
458 3208 529 3288 ἦν
553 3213 660 3289 μὲν
685 3215 746 3272 ἐν
774 3210 973 3289 ἱματίῳ
993 3206 1376 3284 ἐνελιξοίμενος
1403 3203 1530 3280 εὕδῃ
1555 3202 1594 3278 ἢ
1620 3202 1852 3274 σινδόνι,
