2184 3517
239 139 527 203 153--156J
934 137 1164 193 mmo,
1776 139 1842 194 77

237 219 444 289 οἴκασι,
498 216 806 299 πρήγματα
856 220 1196 299 παρέχοντες
1248 219 1342 280 καὶ
1381 217 1556 281 ,αὖτοὶ
1607 218 1845 295 ἔχοντες.

236 306 531 385 φροντίζω,
566 305 648 383 μή
681 305 917 384 ἄριστον
952 305 991 385 ᾖ
1026 307 1616 386 ἐξανδραποδίσασθαί
1643 312 1846 381 σφεας.

234 395 440 473 ὁμοίως
475 394 588 476 γάρ
621 420 723 471 μοι
759 399 856 456 νῦν
880 422 949 477 γε
987 396 1262 474 φαίνομαι
1294 397 1671 474 πεποιηκέναι,
1701 394 1773 459 ὦς
1798 395 1851 455 εἴ

230 508 315 547 τις
350 483 573 560 πατέρα
608 481 937 548 ἀποκτείνας
970 488 1081 544 τῶν
1111 484 1321 545 παίδων
1349 484 1522 545 αὐτοῦ
1561 486 1847 562 φείσαιτο·

234 570 306 634 ὥς
331 571 393 630 δὲ
421 571 517 637 καὶ
542 570 650 654 ἐγω
669 570 862 631 Λυδῶν
881 571 980 633 τόν
999 574 1103 649 μὲν
1118 573 1295 633 πλέον
1308 598 1365 633 τι
1388 570 1426 649 ἢ
1453 574 1670 652 πατέρα
1686 573 1848 634 ἐόντα

232 660 304 718 σὲ
341 657 548 735 λαβών
573 656 708 739 ἄγω,
737 657 959 719 αὐτοῖσι
996 659 1058 719 δὲ
1087 660 1328 720 Λυδοῖσι
1351 660 1456 737 τήν
1482 660 1653 722 πόλιν
1678 662 1846 740 παρέ-

233 745 405 806 δωκα·
449 746 542 805 καὶ
578 747 767 806 ἔπειτα
800 747 1035 825 θωμάζω
1069 748 1123 808 εἴ
1154 773 1253 826 μοι
1288 747 1579 809 οἷπεστᾶσι
1596 749 1644 819 ;”
1685 748 1718 809 ὁ
1742 752 1848 828 μὲν

234 833 305 909 δὴ
335 833 411 892 τά
443 859 551 911 περ
582 833 703 895 νόεε
737 835 914 916 ἔλεγε·
957 835 990 896 ὁ
1022 834 1069 895 δ’
1107 835 1384 913 ἀμείβετο
1414 837 1623 908 τοῖσδε,
1658 837 1849 901 δείσας

232 921 320 999 μή
348 920 697 985 ἀναστάτους
730 922 946 1003 ποιήσῃ
969 922 1071 987 τοῖς
1099 923 1319 1001 Σάρδις·
1361 934 1397 960 “
1413 923 1456 984 ὦ
1481 926 1751 1002 βασιλεῦ,
1776 925 1850 986 τὰ

233 1012 345 1086 μὲν
371 1008 565 1070 οἰκότα
593 1010 828 1088 εἴρηκας·
872 1010 947 1070 σύ
972 1012 1166 1088 μέντοι
1191 1012 1273 1089 μή
1300 1011 1484 1073 πάντα
1506 1013 1660 1092 θυμῷ
1678 1015 1841 1091 χρέω,

229 1097 379 1175 μηδὲ
414 1096 586 1158 πόλιν
617 1097 856 1177 ἀρχαίην
893 1098 1281 1178 ἐξαναστήσῃς
1308 1099 1697 1177 α’ναμάρτήτον
1723 1105 1840 1161 ἐοῦ-

230 1210 349 1245 σαν
375 1186 470 1245 καὶ
494 1189 606 1245 τῶν
632 1185 904 1264 πρότερον
925 1187 1017 1246 καὶ
1043 1191 1154 1248 τῶν
1181 1191 1279 1247 νὶῗν
1306 1186 1607 1249 ἑστεώτων·
1647 1187 1719 1247 τοὶ
1737 1191 1843 1266 μὲν

228 1272 348 1355 γὰρ
387 1273 660 1352 πρότερον
693 1273 802 1355 ἐγῶ
840 1299 904 1334 τε
940 1274 1168 1352 ἔπρηξα,
1203 1275 1295 1334 καὶ
1329 1275 1437 1357 ἐγώ
1471 1279 1580 1355 ἐμῇ
1621 1279 1847 1356 κεφαλῇ

230 1360 526 1438 ἀναμάξας
561 1362 733 1440 φέρω·
780 1362 854 1422 τοὶ
885 1362 946 1422 δὲ
971 1366 1082 1422 νῦν
1112 1362 1407 1440 παρεόντα,
1441 1362 1706 1440 Πακτύης
1736 1363 1846 1445 γάρ

231 1454 361 1509 ἐστι
395 1449 429 1509 ὁ
464 1449 691 1509 ἀδικέων
716 1452 794 1529 τῷ
823 1475 898 1510 συ
934 1449 1241 1559 ἐπέτρεψας
1269 1449 1487 1529 Σάρδις,
1516 1449 1676 1515 οὗτος
1704 1451 1845 1512 δότω

225 1562 325 1598 τοι
350 1537 527 1613 δίκην.
583 1537 823 1598 Λυδοῖσι
848 1537 908 1597 δὲ
934 1563 1274 1620 συγγνωμην
1300 1540 1440 1618 ἔχων
1462 1537 1596 1599 τάδε
1624 1538 1848 1601 αὐτοῖσι

231 1625 516 1696 ἐπίταξον,
552 1650 623 1689 ως
660 1626 806 1703 μήτε
844 1624 1172 1686 ἀποστέωσι
1201 1625 1346 1703 μήτε
1372 1626 1545 1687 δεινοί
1575 1652 1665 1688 τοι
1692 1653 1845 1688 εωσι·

231 1711 441 1772 ἄπειπε
478 1714 584 1789 μέν
622 1719 736 1790 σφι
773 1714 1001 1791 πέμψας
1041 1712 1196 1774 ὅπλα
1235 1713 1405 1791 οἷρήῖα
1436 1714 1518 1791 μὴ
1555 1716 1846 1792 ἐκτῆσθαι·

231 1801 430 1860 κέλευε
464 1801 528 1861 δέ
561 1807 746 1877 σφεας
779 1802 1016 1865 κιθῶνάς
1050 1826 1115 1860 τε
1151 1800 1442 1862 ὑποδύνειν
1465 1806 1621 1862 τοῖσι
1655 1804 1850 1881 εἵμασι

232 1889 330 1947 καὶ
357 1887 656 1966 κοθόρνους
675 1888 1033 1950 ὕποδέεσθαὶ·
1060 1888 1297 1967 πρόειπε
1322 1888 1369 1948 δ’
1386 1888 1611 1951 αὐτοῖσι
1636 1892 1847 1970 κιθαρί-

231 1976 349 2047 ζειν
381 2002 446 2037 τε
486 1977 580 2035 καὶ
619 1976 865 2054 ψάλλειν
897 1977 990 2036 καὶ
1031 1975 1367 2052 καπηλεύειν
1403 1977 1682 2038 παιδεύειν
1713 1979 1844 2043 τούς

229 2064 457 2127 παῖδας·
501 2065 592 2123 καὶ
617 2065 829 2144 ταχέως
853 2064 1055 2140 σφέας,
1085 2063 1128 2123 ὦ
1153 2066 1422 2140 βασιλεῦ,
1447 2069 1712 2146 γυναῖκας
1729 2065 1847 2127 (ἔντ’

230 2150 449 2229 α’νδρῶν
473 2150 639 2230 ὄψεαι
673 2150 993 2234 γεγονότας,
1022 2151 1168 2212 ὥστε
1196 2151 1354 2212 οὐδὲν
1380 2153 1553 2213 δεινοί
1571 2179 1661 2214 τοι
1687 2155 1844 2216 ἔσον·

226 2264 324 2299 ται
413 2239 430 2261 “
458 2239 833 2300 οἷποστέωσι.”
889 2243 1143 2319 Κροῖσος
1166 2242 1270 2317 μὲν
1295 2239 1364 2315 δὴ
1391 2240 1568 2300 ταῦτά
1594 2244 1649 2300 οἳ
1673 2240 1803 2302 ὕπε·
1824 2245 1940 2304 156

227 2328 436 2398 τίθετο,
465 2327 798 2406 αἱρετώτερα
822 2331 1000 2388 ταῦτα
1025 2326 1296 2405 εὗρίσκων
1319 2326 1560 2387 Λυδοῖσι
1585 2326 1622 2403 ἢ
1648 2328 1846 2408 ἄνδρα·

228 2416 606 2479 ποδισθέντας
643 2416 925 2493 πρηθῆναι
972 2416 1178 2491 σφέας·
1233 2413 1605 2492 ἐπιστάμενος
1644 2414 1733 2476 ὅτι
1775 2415 1847 2493 ἦν

226 2502 310 2579 μή
337 2502 644 2582 α’ξιόχρεων
673 2502 969 2581 πρόφασιν
992 2504 1274 2582 προτείνῃ,
1302 2503 1403 2564 οῦκ
1429 2501 1719 2564 ἀναπείσει
1743 2504 1843 2582 μῖιν

228 2591 828 2668 μεταβουλεύσασθαι,
855 2591 1142 2669 ἀρρωδέων
1168 2592 1228 2651 δὲ
1251 2591 1333 2668 μὴ
1351 2591 1445 2650 καὶ
1462 2589 1699 2670 ὕστερόν
1719 2618 1847 2654 κοτε

230 2680 286 2737 οἱ
330 2678 527 2750 Λυδοὶ,
569 2678 639 2755 ἢν
677 2678 745 2739 τό
786 2679 998 2757 παρεόν
1039 2677 1453 2758 ὑπεκδράμωσι,
1497 2678 1848 2745 ἀποστάντες

229 2764 347 2827 α’πό
381 2769 493 2827 τῶν
531 2767 802 2844 Περσέων
838 2766 1179 2827 ἀπόλωνται.
1248 2771 1439 2845 Κῦρος
1463 2767 1524 2827 δὲ
1546 2766 1744 2843 ἡσθεὶς
1773 2772 1848 2849 τῇ

229 2852 506 2933 ὑποθήκῃ,
552 2855 646 2914 καὶ
685 2854 842 2918 ὕπεὶς
884 2858 987 2930 τῆς
1028 2853 1219 2936 ὀργῆς,
1268 2855 1379 2931 ἔφη
1427 2855 1483 2914 οἷ
1521 2856 1840 2916 πείθεσθαι.

230 2942 485 3005 καλέσας
521 2941 582 3001 δὲ
618 2940 891 3020 Μαζάρεα
923 2941 1099 3020 ἄνδρα
1124 2942 1344 3018 Μῆδον,
1369 2941 1547 3003 ταῦτά
1573 2944 1627 3002 οἷ
1653 2944 1846 3003 ἐνετεί-

230 3032 376 3090 λατο
420 3033 711 3107 προειπεῖν
751 3029 991 3090 Λυδοῖσι
1029 3028 1105 3090 τοὶ
1148 3028 1181 3090 ὁ
1224 3033 1477 3107 Κροῖσος
1528 3028 1842 3090 ὑπετίθετο·

235 3118 330 3177 καὶ
353 3117 515 3195 πρός,
542 3117 1126 3195 ἐξανδραποδίσασθαι
1149 3116 1279 3179 τούς
1318 3115 1532 3181 ἄλλους
1554 3117 1766 3180 πάντας
1796 3119 1852 3179 οἲ

234 3205 383 3282 μετὰ
428 3205 627 3266 Λυδῶν
655 3206 763 3277 ,ἐπὶ
814 3203 1019 3284 Σάρδις
1059 3202 1523 3282 ἐστρατεύσαντο,
1568 3204 1737 3267 αὗτόν
1790 3206 1854 3268 δὲ

236 3291 511 3371 Πακτύην
535 3292 753 3359 πάντως
777 3294 958 3367 ζῶντα
982 3289 1215 3375 ἀγαγεῖν
1237 3289 1370 3359 παρ’
1397 3290 1617 3353 ἑωυτόν.

1992 3378 2160 3478 :A
