2184 3517
297 65 391 113 1'92
905 61 1270 117 ἨΡοΔοτοτ
1700 75 1701 78 “
1784 64 1917 130 [11.·

203 145 315 205 168
331 146 549 225 τέχνας.
631 146 807 224 Γέρεα
868 146 931 207 δέ
985 153 1101 222 σφι
1154 145 1226 222 ἦν
1291 145 1424 207 τάδε
1489 145 1902 224 ἐξαραιρημένα

291 233 553 311 μούνοισι
604 235 937 314 Αἰγυπτίων,
989 233 1171 310 πάρεξ
1233 237 1343 293 τῶν
1408 233 1582 310 ἱρέων·
1663 231 1903 311 ἄρουραι

296 321 563 398 ἐξαίρετοι
608 321 849 380 δυώδεκα
897 320 1113 400 ἑκάστῳ
1166 319 1407 385 οἶτελεες·
1474 318 1537 400 (ἦ
1580 319 1720 380 δὲ’
1683 346 1903 398 αρουρα

294 409 489 468 ἑκατόν
526 408 749 488 πηχέων
789 408 913 469 ἐστὶ
953 409 1271 488 Αἰγυπτίων
1309 405 1512 483 πάντη·
1554 407 1587 467 ὁ
1626 407 1689 467 δὲ
1727 408 1901 488 Αἰγύ-

293 520 454 560 πτιος
488 501 671 575 πῆχυς
703 496 969 577 τυγχάνει
1002 496 1131 561 ἶσος
1163 496 1265 556 ἐῶν
1298 499 1376 574 τῷ
1403 496 1637 576 Σαμίῳ.)
1717 500 1903 555 ταῦτα

294 585 398 660 μὲν
437 584 505 660 δὴ
545 588 698 644 τοῖσι
738 585 921 645 ἅπασι
958 583 1029 661 ἦν
1070 583 1490 661 ἐξαραιρημένα·
1562 583 1694 643 τάδε
1733 583 1794 642 δὲ
1837 589 1903 645 ἐν

292 676 603 750 περιτροπῇ
644 677 999 749 ἐκαρποῦντο,
1042 673 1136 731 καὶ
1176 671 1393 748 οὐδαμά
1434 670 1615 731 ὦυτοί.
1697 674 1901 731 Καλα-

294 760 489 835 σιρίων
527 759 722 838 χίλιοι,
751 759 842 819 καὶ
878 759 1268 836 Ἑρμοτυβίων
1307 758 1495 830 ἄλλοι,
1525 757 1903 836 ἐδορυφόρεον

297 845 543 907 ἐνιαυτόν
576 847 805 906 ἔκαστοι
839 845 939 906 τὸν
976 846 1251 922 βασιλέα·
1292 842 1546 904 τούτοισι
1582 842 1628 902 δ’
1656 870 1730 904 ων
1760 844 1901 905 τάδε

292 932 472 1011 πάρεξ
493 939 604 994 τῶν
630 934 905 1012 ἀρουρέων
931 932 1085 993 ἄλλα
1113 933 1324 994 ἐδίδοτο
1353 931 1437 991 ἐπ’
1456 931 1637 1011 ἡμέρῃ
1665 932 1900 1012 ἑκάστῃ,

281 1020 470 1082 ’ὀπτοῦ
522 1024 685 1083 σίτου
737 1021 993 1099 σταθμὸς
1041 1022 1208 1081 πέντε
1244 1019 1408 1097 μνέαι
1449 1021 1679 1099 ἑκάστῳ,
1722 1026 1903 1097 κρεῶν

291 1110 476 1186 βοέων
502 1110 600 1171 δύο
624 1112 803 1188 μνέαι,
832 1111 982 1170 οἴνου
1013 1109 1278 1187 τέσσερες
1308 1108 1636 1186 άρυστῆρες,
1716 1112 1905 1168 ταῦτα

277 1201 445 1280 τοῖσι
471 1200 577 1258 αἰεὶ
604 1199 1009 1276 δορυφορέουσι
1036 1197 1260 1256 ἐδίδοτο.

202 1287 314 1345 169
373 1285 537 1346 Ἐπεί
575 1312 637 1346 τε
690 1287 750 1345 δὲ
789 1285 1086 1355 συνιόντες,
1127 1283 1161 1343 ὅ
1198 1309 1261 1343 τε
1298 1280 1531 1360 Ἀπρίης
1577 1281 1726 1364 ἄγων
1761 1283 1922 1348 vork-

295 1372 613 1451 ἐπικούρους
654 1375 745 1433 καὶ
783 1374 816 1433 ὁ
845 1372 1096 1450 Ἀμασις
1135 1370 1345 1435 πάντας
1383 1371 1512 1434 τούς
1538 1371 1900 1451 Αἰγυπτίους,

294 1460 560 1520 ἀπίκοντο
588 1465 642 1523 ἐς
673 1460 999 1537 Μώμεμφιν
1031 1459 1217 1530 πόλιν,
1247 1458 1587 1535 συνέβαλον·
1640 1459 1734 1517 καὶ
1758 1464 1900 1535 ἐμα-

291 1548 537 1627 χέσαντο
562 1549 665 1624 μὲν
686 1546 745 1606 εὖ
766 1549 821 1607 οἱ
846 1548 1030 1617 ξεῖνοι,
1049 1545 1259 1623 πλήθεϊ
1279 1547 1339 1606 δὲ
1362 1549 1562 1624 πολλῷ
1581 1543 1902 1611 ἐλάσσονες

296 1635 476 1698 ἐόντες
503 1634 645 1694 κατὰ
675 1639 842 1695 τοῦτο
875 1635 1236 1711 ἑσσώθησαν.
1315 1634 1554 1711 Ἀπρίεω
1582 1633 1641 1692 δὲ
1665 1634 1902 1714 λέγεται

296 1722 436 1783 εἶναι
460 1722 560 1799 ἥδε
584 1721 623 1798 ἦ
657 1721 887 1793 διάνοια,
927 1722 1055 1799 μηδ’
1083 1720 1152 1783 ἂν
1193 1721 1320 1783 θεόν
1359 1747 1457 1798 μιν
1485 1721 1694 1797 μηδένα
1733 1720 1901 1781 δύνα-

296 1812 434 1871 σθαι
458 1815 675 1870 παῦσαι
697 1814 798 1886 τῆς
827 1811 1158 1886 βασιληίης·
1206 1809 1348 1870 οὕτω
1379 1808 1682 1886 ἀσφαλέως
1710 1811 1899 1890 ἑωυτῷ

296 1898 554 1975 ἱδρῦσθαι
594 1897 793 1959 ἐδόκεε.
877 1898 968 1957 καὶ
1009 1899 1077 1973 δή
1118 1896 1247 1958 τότε
1285 1897 1603 1974 συμβαλών
1641 1896 1896 1974 ἑσσώθη·

297 1985 391 2044 καὶ
421 1987 731 2067 ζωγρηθεὶς,
768 1985 999 2065 άπήχθη
1036 1990 1090 2048 ἐς
1127 1985 1264 2050 Σάϊν
1288 1985 1476 2055 πόλιν,
1513 1990 1568 2048 ἐς
1590 1983 1660 2044 vd
1688 1987 1927 2047 ἑωυτοῦ·

292 2072 486 2156 [οἰκία]
515 2074 785 2152 πρότερον
827 2073 1003 2144 ἐόντα,
1028 2072 1157 2135 τότε
1194 2074 1255 2133 δὲ
1277 2073 1552 2150 Ἀμάσιος
1583 2071 1688 2148 ἤδη
1712 2074 1900 2149 βασι·

293 2162 448 2238 λήῖα.
530 2164 765 2223 ἐνθαῦτα
831 2162 892 2222 δὲ
956 2163 1089 2225 τέως
1152 2163 1256 2238 μὲν
1308 2163 1572 2239 ἐτρέφετο
1625 2165 1684 2221 ἐν
1732 2165 1925 2222 τοῖσι·

291 2251 672 2328 βασιληίοισι,
700 2250 798 2309 καί
826 2275 924 2326 μιν
942 2248 1194 2327 Ἀμασις
1235 2248 1294 2309 εὖ
1325 2254 1589 2326 περιεῖπε,
1614 2247 1777 2311 τέλος
1812 2250 1898 2321 δὲ,

291 2340 665 2416 μεμφομένων
689 2337 1006 2420 Αἰγυπτίων
1047 2337 1118 2401 ὦς
1152 2336 1217 2396 οὗ
1255 2342 1413 2397 ποιοῖ
1447 2337 1628 2396 δίκαια
1665 2337 1903 2414 τρέφων

291 2427 392 2487 τόν
416 2429 593 2504 σφίσι
617 2454 678 2487 τε
704 2428 796 2486 καὶ
824 2430 1000 2505 ἑωυτῷ
1027 2427 1307 2504 ἔχθιστον,
1330 2425 1471 2485 οὕτω
1497 2424 1565 2500 δή
1592 2424 1907 2502 παραδιδοῖ

290 2514 390 2574 τὸν
413 2513 650 2593 Ἀπρίην
672 2518 827 2575 τοῖσι
853 2515 1233 2595 Αἰγυπτίοισι·
1276 2517 1331 2573 οἱ
1354 2513 1418 2573 δέ
1439 2539 1538 2591 μιν
1562 2511 1900 2585 ἀπέπνιξαν,

293 2601 386 2659 καὶ
426 2603 613 2661 ἔπειτα
652 2603 863 2680 ἔθαψαν
902 2607 962 2663 ἐν
998 2605 1137 2681 τῇσι
1175 2626 1468 2707 πατρῳῃσι
1505 2603 1743 2679 ταφῇσι.
1830 2605 1907 2663 αἱ

295 2688 358 2746 δέ
389 2692 499 2747 εἰσι
530 2693 588 2748 ἐν
623 2715 699 2768 τῳ
731 2715 828 2768 ιρῳ
857 2692 957 2766 τῆς
981 2689 1299 2766 Ἀθηναίης,
1326 2688 1619 2770 ἀγχοτάτω
1652 2713 1749 2747 του
1767 2714 1907 2783 apte-

290 2775 483 2857 γάρου,
511 2776 721 2837 ἐσιόντι
746 2776 1043 2855 ἀριστερῆς
1072 2777 1276 2856 χειρός.
1356 2778 1568 2855 ἔθαψαν
1591 2777 1654 2835 τὲ
1680 2769 1910 2840 Σαῗται

294 2863 502 2928 πάντας
534 2864 664 2928 τούς
702 2869 761 2923 ἐκ
796 2870 968 2941 νομοῦ
999 2865 1199 2926 τούτου
1240 2865 1568 2946 γενομένους
1602 2863 1911 2940 βασιλέας

293 2951 404 3011 ἔσω
444 2954 503 3011 ἐν
541 2955 619 3030 τῷ
666 2954 779 3031 ἱρῷ.
864 2953 954 3011 καὶ
996 2952 1109 3033 γάρ
1155 2953 1222 3013 τὸ
1263 2956 1365 3013 τοῦ
1404 2951 1679 3030 Ἀμάσιος
1723 2955 1915 3030 σ’ἧμσ.

292 3038 571 3115 ἑκαστέρω
605 3040 709 3116 μέν
752 3044 875 3099 ἐστι
914 3044 1015 3100 τοῦ
1056 3039 1304 3121 μεγάρου
1337 3037 1376 3116 ἢ
1411 3040 1480 3101 τι)
1514 3042 1614 3100 τοῦ
1645 3037 1919 3117 Ἀπρίεω

293 3123 386 3179 καὶ
413 3128 523 3183 τῶν
552 3127 750 3186 τούτου
783 3127 1170 3204 προπατόρων·
1214 3128 1336 3188 ἔστι
1365 3127 1558 3205 μέντοι
1595 3127 1689 3186 καὶ
1720 3131 1921 3191 τοῦτο

295 3209 356 3261 ἐν
403 3212 475 3284 τῇ
526 3211 673 3288 αὐλῇ
711 3218 813 3270 τοῦ
854 3216 993 3288 ἱροῦ,
1031 3213 1256 3278 παστὰς
1305 3214 1493 3291 λιθίνη
1530 3213 1760 3295 μεγάλη
1804 3217 1933 3280 καὶ
