2184 3517
283 94 568 160 130—134]
858 98 1322 148 MEAIIOMENH.
1793 105 1888 152 333

366 175 444 236 ‘H
481 176 541 236 δὲ
568 175 822 241 Σκυθέων
846 177 950 255 μία
988 181 1162 255 μοῖρα
1195 203 1232 253 η
1270 179 1551 257 ταχθεῖσα
1576 179 1851 258 πρότερον
1871 184 1984 242 133

279 267 392 342 μὲν
416 292 571 345 παρα
596 264 701 341 τήν
726 270 976 341 Μαιῆτιν
1001 268 1207 357 λίμνην
1237 268 1530 345 φρουρέειν
1553 268 1683 328 τότε
1709 269 1820 328 δὲ’
1796 271 1888 329 επὶ

279 354 388 413 τὸν
405 352 635 432 Ἴστρον
657 352 823 414 Ἴωσι
859 359 914 418 ἐς
949 348 1156 435 λόγους
1194 357 1399 426 ἐλθεῖν,
1428 356 1500 420 ὦς
1541 355 1772 416 οἷπίκετο
1800 359 1891 417 ἐπὶ

279 441 390 518 τήν
414 443 669 524 γέφυραν
695 443 854 523 ἔλεγε
878 443 1028 502 τάδε·
1072 454 1109 479 “
1126 442 1365 521 ἅνδρες”
1367 451 1543 514 Ιωνες,
1573 445 1891 522 ἐλευθερίην

278 529 418 606 ύμῖν
446 530 656 608 ἥκομεν
688 531 968 608 φέροντες,
1001 530 1178 609 ἤνπερ
1202 556 1270 613 γε
1312 533 1542 609 ἐθέλητε
1578 529 1888 593 ἐσακούειν.

280 618 683 695 πυνθανόμεθα
721 645 832 702 γαρ
881 622 1122 696 Δαρεῖον
1177 621 1579 680 ἐντείλασθαι
1575 620 1723 698 ύμῖν,
1767 620 1885 697 ἐξή-

283 723 459 766 κοντα
498 707 710 785 ἡμέρας
747 706 955 785 μούνας
1008 707 1443 785 φρουρήσαντας
1479 708 1584 785 τὴν
1621 709 1890 790 γέφυραν,

282 793 459 854 αὐτοῦ
485 822 566 871 μη
588 796 1042 877 παραγινομένου
1070 801 1130 855 ἐν
1163 795 1338 876 τούτῳ
1363 799 1441 875 τῷ
1480 795 1680 876 χρόνῳ,
1710 796 1892 856 ἀπαλ-

223 940 226 941 7
280 884 620 944 λάσσεσθαι
672 889 728 947 ἐς
771 884 876 959 τήν
921 883 1213 961 ὑμετέρην·
1281 887 1379 945 νῦν
1432 882 1508 944 ὧν
1552 884 1710 961 υμεῖς
1760 885 1894 944 τάδε

281 975 581 1042 ποιεῦντες,
638 972 795 1035 ἐκτὸς
845 997 951 1049 μεν
1003 973 1209 1032 ἔσεσθε
1260 972 1404 1050 πρός
1455 972 1663 1031 ἐκείνου
1717 974 1895 1048 αἰτίης

285 1058 446 1122 ἐκτὸς
472 1059 531 1118 δὲ
557 1059 698 1137 πρὸς
722 1059 929 1137 ἡμέων·
961 1085 1063 1122 τας
1088 1060 1454 1147 προκειμένας
1478 1058 1691 1136 ἡμέρας
1715 1085 1891 1136 παρα-

284 1147 569 1221 μείναντες
619 1146 687 1209 τὰ
735 1147 849 1208 avt-6
896 1146 1098 1207 τούτου
1151 1138 1657 1209 dwaMa'weoOeJ‘
1740 1145 1894 1207 οὗτοι

285 1234 391 1310 μέν
420 1260 533 1305 νυν,
560 1235 979 1312 ὕποδεξαμένων
1013 1234 1213 1296 Ἰώνων
1250 1234 1513 1312 ποιήσειν
1549 1239 1744 1306 ταῦτα,
1770 1234 1893 1296 ὀπί-

286 1348 375 1382 σω
398 1323 502 1399 τήν
527 1326 804 1404 ταχίστην
830 1325 1140 1404 ἐπείγοντο.

369 1412 636 1490 Πέρσῃσι
667 1412 742 1482 δέ,
778 1410 921 1489 μετὰ
955 1411 1027 1470 τοὶ
1063 1411 1213 1493 δῶρα
1243 1410 1315 1471 τοὶ
1348 1410 1585 1472 ἐλθόντα
1614 1412 1850 1491 Δαρείῳ,
1873 1413 1987 1471 134

285 1498 713 1579 ἀντετάχθησαν
767 1504 821 1560 οἱ
873 1500 1311 1575 ὑπολειφθέντες
1365 1499 1577 1564 Σκύθαι
1616 1502 1763 1580 πεζῷ
1803 1500 1894 1559 καὶ

289 1588 529 1657 ἵπποισι,
567 1587 638 1652 οἷς
679 1588 1127 1665 συμβαλέοντες.
1208 1588 1601 1668 τεταγμένοισι
1642 1588 1703 1648 δὲ
1740 1591 1894 1648 τοῖσι

288 1675 544 1755 Σκύθῃσι
568 1675 748 1757 λαγὸς
774 1682 829 1739 ἐς
852 1675 920 1736 τὸ
947 1676 1128 1752 μέσον
1146 1676 1320 1754 διῇξε·
1344 1681 1459 1736 τῶν
1479 1676 1540 1736 δὲ
1567 1675 1638 1740 ὥς
1663 1676 1893 1735 ἔκαστοι

286 1763 459 1841 ὥρεον
482 1763 584 1824 τᾶν
610 1765 791 1845 λαγόν
819 1764 1060 1824 ἐδίωκον·
1103 1765 1492 1843 ταραχθέντων
1524 1764 1584 1822 δὲ
1612 1766 1724 1823 τῶν
1752 1763 1889 1826 Σκυ-

287 1852 427 1912 θέων
480 1852 573 1911 καὶ
624 1854 746 1931 βοῇ
796 1852 1138 1930 χρεωμένων,
1194 1853 1370 1929 εἴρετο
1421 1851 1454 1911 6
1499 1854 1737 1931 Δαρεῖος
1777 1853 1888 1910 τῶν

285 1938 697 2017 ἀντιπολεμίων
721 1941 821 2000 τὸν
847 1939 1117 2018 θόρυβον·
1156 1939 1469 2016 πυθόμενος
1496 1939 1559 1999 δέ
1583 1944 1769 2014 σφεας
1793 1938 1895 1998 τᾶν

284 2027 471 2108 λαγὸν
505 2027 817 2098 διώκοντας,
847 2028 968 2087 εἶπε
1003 2027 1113 2104 ἄρα
1152 2027 1294 2105 πρὸς
1332 2026 1582 2103 τούσπερ
1611 2027 1773 2086 ἐώθεε
1800 2027 1893 2085 καὶ

283 2116 360 2174 τοὶ
387 2113 543 2175 ἄλλα
569 2104 774 2197 λέγειν·
803 2126 840 2152 “
857 2114 1012 2176 οὗτοι
1040 2114 1239 2192 ὧνδρες
1264 2114 1448 2190 ἤμέων
1474 2114 1700 2174 πολλὸν
1727 2140 1890 2174 κατα-

286 2204 615 2279 φρονέουσι·
683 2204 782 2263 καί
826 2229 926 2280 μοι
970 2207 1067 2264 νῦν
1116 2203 1372 2280 φαίνεται
1413 2200 1688 2279 Γωβρύης
1741 2201 1894 2260 εἶπαι

284 2293 419 2369 περὶ
443 2297 554 2352 τῶν
582 2293 866 2356 Σκυθικῶν
899 2291 1085 2369 δώρων
1112 2289 1308 2368 ὀρθῶς.
1393 2289 1464 2352 ὥς
1492 2289 1566 2350 ὦν
1593 2288 1762 2351 οὕτως
1787 2287 1895 2365 ἤδη

286 2379 592 2440 δοκεόντων
633 2380 726 2440 καὶ
766 2379 913 2459 αύτῷ
951 2405 1051 2456 μοι
1094 2381 1257 2458 ἔχειν,
1294 2380 1518 2455 βουλῆς
1557 2376 1774 2458 ἀγαθῆς
1814 2380 1900 2436 δεῖ

289 2465 433 2530 ὅκως
476 2466 785 2544 οἷσφαλέως
830 2467 869 2544 ἦ
920 2465 1122 2544 κομιδή
1166 2466 1303 2543 ἦμῖν
1349 2467 1510 2526 ἔσται
1551 2465 1617 2524 τὸ
1662 2463 1896 2524 ὄπίσω.”

284 2554 432 2632 πρὸς
455 2560 632 2616 ταῦτα
657 2556 929 2635 Γωβρύης
956 2556 1096 2615 εἶπε·
1130 2565 1165 2591 “
1185 2553 1227 2613 ὦ
1252 2556 1522 2631 βασιλεῦ,
1552 2552 1659 2634 ἐγώ
1687 2553 1894 2632 σχεδὸν

285 2645 393 2721 μὲν
434 2645 527 2703 καὶ
578 2645 731 2726 λόγῳ
763 2644 1101 2723 ωἦτι-ιστοῖμην
1134 2642 1348 2713 τούτων
1387 2647 1500 2703 τῶν
1541 2641 1753 2719 ἀνδρῶν
1790 2639 1895 2717 τήν

267 2729 546 2809 -αἶπορίην,
576 2733 756 2794 ἐλθὼν
797 2734 857 2793 δὲ
895 2736 1126 2809 μᾶλλον
1167 2731 1454 2808 ἐξέμαθον,
1484 2729 1656 2809 ὁρέων
1696 2729 1895 2792 αὐτοῦς

288 2822 660 2896 ἐμπαίζοντας
684 2821 839 2898 ἡμῖν.
912 2824 1010 2882 νῦν
1035 2818 1111 2880 ὧν
1135 2845 1236 2896 μοι
1261 2819 1454 2889 δοκέει,
1483 2816 1624 2893 ἐπὴν
1648 2818 1895 2896 τάχιστα

290 2907 394 2977 νύξ
432 2910 661 2989 ἐπέλθῃ,
706 2908 1074 2975 ἐκκαύσαντες
1125 2907 1198 2967 τοὶ
1249 2905 1398 2985 πυρᾶ.
1441 2905 1512 2969 ὥς
1553 2905 1646 2964 καὶ
1685 2904 1895 2964 ἄλλοτε

290 2996 540 3074 ἐώθαμεν
578 2998 802 3069 ποιέειν,
832 3001 943 3058 τῶν
976 2996 1358 3074 στρατιωτέων
1387 2992 1518 3056 τούς
1555 2991 1896 3052 ἀσθενεστά-

288 3110 419 3149 Τους
472 3090 528 3148 ἐς
578 3085 678 3149 τὰς
715 3086 1096 3163 ταλαιπωρίας
1136 3082 1593 3159 ἐξαπατήσαντας
1634 3079 1728 3139 καὶ
1765 3080 1895 3142 τοῦς

290 3171 452 3237 ὄνους
476 3173 690 3238 πάντας
718 3173 1156 3249 καταδήσαντας,
1189 3168 1679 3231 ἀπαλλάσσεσθαι
1702 3165 1835 3244 πρὶν
1859 3164 1897 3242 ἢ

292 3261 385 3318 καὶ
415 3262 523 3321 Εέπὶ
562 3261 662 3321 τόν
695 3260 930 3338 Ἴστρον
973 3261 1166 3320 ἰθῦσαι
1208 3258 1425 3323 Σκύθας
1467 3256 1750 3318 λύσοντας
1792 3253 1897 3328 τὴν
