2184 3517
334 104 429 153 3⁴2
943 102 1314 152 ‘HPvomooe
1819 101 1947 168 [nr.

338 182 461 244 ἐπεί
480 208 542 242 τε
567 183 668 243 τὸν
694 184 997 259 Κορώβιον
1022 182 1286 246 λιπόντες
1312 187 1371 243 ἐν
1393 185 1467 262 τῇ
1494 183 1649 261 νήσῳ
1676 181 1950 241 ἀπίκοντο

332 277 389 335 ἐς
428 270 534 346 τὴν
580 269 789 348 Θήρην,
833 269 1165 352 οἷπήγγελον
1208 270 1282 334 ὥς
1320 277 1435 347 σφι
1488 271 1572 345 εἴη
1624 274 1803 345 νῆσος
1856 271 1950 329 ἐπὶ

332 359 524 436 Λιβύῃ
567 358 883 434 ἐκτισμένη.
953 360 1257 435 Θηραίοισι
1297 360 1358 418 δὲ
1400 359 1524 416 ἕαδε
1566 357 1850 433 ἀδελφεόν
1884 384 1949 418 τε

329 445 427 505 ἀπ’
464 446 746 522 ἀδελφεοῦ
782 447 1024 524 πέμπειν
1058 447 1226 527 πάλῳ
1266 447 1538 527 λαχόντα,
1568 446 1662 504 καὶ
1696 445 1810 506 ‹in-6
1835 451 1951 506 τῶν

329 534 527 614 χώρων
554 533 813 594 ἁπάντων
839 535 980 595 ἐπτοὶ
1009 535 1208 595 ἐόντων
1234 534 1454 613 ἄνδρας·
1497 534 1640 594 εἶναι
1665 533 1727 592 δέ
1751 539 1952 609 σφεων

332 623 423 682 καὶ
463 620 716 702 ἡγεμόνα
757 622 849 681 καὶ
889 624 1147 700 βασιλέα
1188 624 1428 683 Βάττον.
1498 621 1641 681 οὕτω
1677 621 1749 697 δή
1777 624 1952 681 στέλ·

333 713 505 770 λουσι
532 708 632 768 δύο
658 712 1127 788 πεντηκοντέρους
1154 716 1209 775 ἐς
1233 710 1340 787 τήν
1364 712 1654 771 Πλατέαν.

238 800 354 857 154
438 800 631 856 Ταῦτα
671 797 731 856 δὲ
772 802 1008 875 Θηραῖοι
1049 799 1305 881 λέγουσι·
1347 798 1419 858 τοῖ
1452 798 1497 858 δ’
1536 799 1809 857 ἐπίλοιπα
1841 803 1951 857 τοῦ

330 885 526 966 λόγου,
557 887 946 962 συμφέρονται
970 887 1077 964 ἤδη
1104 892 1342 965 Θηραῖοι
1369 888 1759 963 Κυρηναίοισι.
1829 892 1950 944 Κυ-

328 977 548 1050 ρηναῖοι
587 973 698 1054 γὰρ
733 975 805 1034 τὰ
848 976 977 1053 περὶ
1014 975 1237 1036 Βάττον
1271 975 1524 1052 οὐδαμῶς
1560 973 1955 1054 ὁμολογέουσι

332 1063 651 1138 Θηραίοισι·
713 1063 953 1144 λέγουσι
1004 1064 1115 1145 γοῖρ
1172 1063 1334 1123 οὕτω·
1396 1064 1519 1123 ἔστι
1570 1065 1672 1137 τῆς
1713 1060 1957 1138 Κρήτης

329 1147 499 1220 Ἀξός
536 1149 705 1213 πόλις
747 1156 803 1210 ἐν
837 1156 911 1231 τῇ
954 1153 1178 1233 ἐγένετο
1208 1151 1510 1230 Ἐτέαρχος
1538 1148 1838 1226 βασιλεύς·
1886 1149 1956 1212 ὃς

332 1238 425 1296 ἐπὶ
474 1238 707 1319 θυγατρὶ
749 1238 1009 1318 οἶμήτορι,
1058 1246 1133 1319 τῇ
1176 1240 1391 1317 οὕνομα
1430 1239 1501 1315 ἦν
1541 1239 1808 1315 Φρονίμη,
1853 1239 1955 1298 ἐπὶ

328 1324 504 1403 ταύτῃ
541 1328 713 1405 ἔγημε
754 1325 941 1404 ἄλλην
966 1333 1221 1410 γυναῖκα·
1262 1328 1301 1405 ἦ
1330 1329 1390 1387 δὲ
1416 1327 1807 1386 ἐπεσελθοῦσα
1836 1327 1955 1386 ἐδι-

330 1413 484 1471 καίευ
527 1413 666 1473 εἶναι
702 1415 795 1473 καὶ
831 1422 908 1495 τῷ
950 1418 1090 1498 ἔργῳ
1126 1416 1366 1493 μητρυιή
1398 1419 1472 1493 τῇ
1506 1416 1772 1493 Φρονίμῃ,
1798 1440 1954 1491 παρ-

333 1499 545 1577 έχουσά
582 1527 646 1561 τε
681 1504 826 1562 κακοὶ
864 1505 957 1562 καὶ
995 1508 1110 1564 πᾶν
1136 1504 1219 1564 ἐπ’
1247 1504 1387 1583 αὐτῇ
1413 1502 1802 1582 μηχανωμένη·
1849 1503 1955 1561 καὶ

326 1588 507 1656 Τέλος,
549 1590 924 1668 μαχλοσύνην
965 1592 1298 1652 ἐπενείκασα
1335 1595 1389 1650 οἱ
1422 1591 1603 1649 πείθει
1641 1588 1741 1650 τόν
1766 1588 1953 1666 ἄνδρα

328 1678 436 1733 ταΐ
438 1700 510 1733 τα
548 1676 696 1755 ἔχειν
728 1679 889 1738 οὕτω·
931 1679 963 1740 ὁ
996 1680 1055 1739 δὲ
1089 1679 1467 1760 ἀναγνωσθεὶς
1494 1672 1603 1737 ὖπό
1627 1681 1729 1753 τῆς
1753 1703 1955 1758 γυναι-

336 1761 432 1826 κός
468 1764 632 1844 ἔργον
659 1763 760 1823 οὐκ
792 1765 955 1828 ὅσιον
982 1771 1304 1845 ἐμηχανᾶτο
1332 1766 1425 1826 ἐπὶ
1448 1773 1522 1846 τῇ
1550 1766 1799 1846 θυγατρί.
1873 1764 1955 1842 ἦν

329 1849 441 1931 γοῖρ
478 1850 547 1926 δή
585 1853 847 1928 Θεμίσων
878 1854 1019 1933 ἀνὴρ
1052 1859 1297 1931 Θηραῖος
1329 1854 1570 1931 ἔμπορος
1596 1858 1655 1913 ἐν
1677 1857 1748 1931 τῇ
1773 1851 1953 1933 'Affi-

332 1943 534 1998 τοῦτον
565 1938 597 1998 ὁ
637 1939 940 2022 Ἐτέαρχος
975 1943 1334 2021 παραλαβὼν
1370 1944 1464 2003 ἐπὶ
1497 1944 1669 2013 ξείνια
1701 1944 1950 2022 ἐξορκοῖ,

329 2024 368 2102 ἦ
399 2025 513 2102 μήν
547 2030 600 2085 οῖ
632 2028 1050 2106 διηκονήσειν
1018 2059 1050 2091 ο
1082 2058 1140 2091 τι
1175 2029 1246 2092 ἂν
1279 2032 1470 2109 δεηθῇ·
1514 2032 1636 2091 ἐπεί
1659 2057 1721 2092 τε
1758 2032 1818 2090 δὲ
1858 2035 1954 2103 ἐξ·

336 2113 570 2190 όρκωσε,
603 2115 829 2198 ἀγαγών
862 2146 916 2179 οι
954 2117 1261 2228 παραδιδοῖ
1289 2119 1394 2196 τήν
1426 2124 1629 2180 ἑωυτοῦ
1661 2121 1954 2202 θυγατέρα

331 2203 425 2261 καὶ
451 2202 658 2281 ταύτην
687 2208 906 2267 ἐκέλευε
933 2233 1364 2268 καταποντωσαι
1390 2208 1778 2290 ἀπαγαγόντα·
1820 2236 1855 2268 ο
1888 2211 1954 2268 δὲ

331 2293 590 2368 Θεμίσων
637 2295 1088 2372 περιημεκτήσας
1139 2300 1213 2374 τῇ
1265 2295 1453 2374 οἶπατῃ
1495 2300 1596 2356 τοῦ
1639 2296 1807 2372 ὅρκου
1849 2299 1953 2356 καὶ

332 2381 743 2460 διαλυσάμενος
767 2384 872 2459 τήν
898 2385 1120 2460 ξεινίην,
1148 2384 1330 2443 ἐποίεε
1352 2384 1558 2444 τοιάδε·
1586 2384 1952 2461 παραλαβὼν

328 2468 434 2544 τὴν
471 2471 647 2530 παῖδα
687 2471 956 2531 ἀπέπλεε·
999 2472 1071 2535 ὥς
1112 2472 1170 2531 δὲ
1212 2472 1430 2553 ἐγένετο
1473 2477 1532 2532 ἐν
1569 2476 1646 2550 τῷ
1684 2470 1950 2551 πελάγεϊ,

332 2556 738 2636 α’ποσιεύμενος
771 2587 877 2637 την
914 2559 1216 2638 ἐξόρκωσιν
1245 2563 1348 2620 τοῦ
1385 2558 1694 2639 Ἐτεάρχου
1724 2559 1949 2637 σχοινί-

329 2669 449 2703 οισι
483 2646 660 2721 αὐτὴν
688 2648 959 2723 διαδήσας
985 2651 1192 2723 κατῆκε
1217 2652 1273 2710 ἐς
1297 2673 1365 2707 το
1381 2646 1656 2728 πέλαγος,
1684 2644 1950 2705 α’,νασπα-

234 2734 348 2790 155
373 2756 481 2794 σας
523 2731 583 2790 δὲ
625 2732 856 2794 ἀπικετο
899 2741 954 2799 ἐς
992 2736 1099 2811 τήν
1144 2735 1354 2812 Θήρην.
1418 2734 1712 2795 Ἐνθεῦτεν
1746 2733 1807 2791 δὲ
1835 2759 1949 2809 την

326 2819 636 2927 Φρονίμην
655 2822 1012 2899 παραλαβων
1054 2823 1490 2900 Πολύμνηστος,
1534 2820 1636 2883 ἐων
1675 2825 1785 2881 τῶν
1826 2827 1948 2897 Θη-

327 2905 499 2979 ραίων
531 2905 672 2982 ανήρ
708 2908 950 2984 δόκιμος,
989 2910 1425 2971 ἐπαλλακεύετο·
1466 2910 1672 2988 χρόνου
1700 2909 1760 2967 δὲ
1786 2933 1943 2984 περι-

324 2987 508 3049 ἰόντος
534 2990 812 3069 ἐξεγένετό
840 2999 895 3053 οἱ
920 2996 1051 3058 πάϊς
1080 2997 1434 3074 ἰσχνόφωνος
1460 2997 1551 3055 καὶ
1577 2994 1836 3072 τραυλος,
1861 3000 1946 3074 τῷ

328 3070 538 3146 οὔνομα
579 3079 738 3153 ἐτέθη
776 3081 1006 3150 Βάττος,
1041 3082 1114 3144 ὦς
1144 3084 1386 3159 Θηραῖοί
1410 3109 1473 3144 τε
1511 3083 1603 3141 καὶ
1628 3085 1944 3158 Κυρηναῖοι

324 3157 580 3234 λέγουσι·
625 3162 696 3225 ὦς
733 3166 924 3239 μέντοι
960 3168 1068 3245 ἐγω
1103 3168 1291 3239 δοκέω,
1330 3168 1481 3230 ἄλλο
1512 3196 1586 3240 τι,
1626 3169 1844 3232 Βαττος
1879 3170 1946 3228 δὲ

326 3246 793 3323 Ιξῑτωνῡμοίσθη’
767 3252 890 3307 επεί
908 3275 972 3308 τε
999 3256 1055 3315 ἐς
1080 3255 1367 3330 Λιβύην’
1331 3258 1579 3326 απίκετο,
1606 3255 1724 3316 οἷπό
1746 3281 1812 3315 τε
1834 3260 1944 3316 τοῦ
