2184 3517
250 107 535 170 154—157]
820 106 1271 155 ΜΕΛΠΟΜΕΝΗ.
1763 107 1859 154 343

244 184 598 263 χρηστηρίου
647 189 748 244 τοῦ
800 186 1102 266 γενομένου
1150 191 1208 245 ἐν
1253 187 1546 259 Δελφοῖσι
1591 183 1739 264 αὐτῷ
1785 183 1881 242 καὶ

246 271 364 332 σῖπὸ
397 276 500 348 τῆς
529 276 695 348 τιμῆς
733 273 838 348 τήν
876 273 1012 352 ἔσχε
1047 273 1152 348 τὴν
1178 272 1491 349 ἐπωνυμίην
1516 271 1861 350 ποιεύμενος·

246 362 463 436 Λίβυες
501 360 613 442 γοῖρ
654 362 909 437 βασιλέα
950 360 1171 421 Βάττον
1199 361 1488 420 καλέουσι·
1534 361 1626 419 καὶ
1662 359 1863 419 τούτου

248 449 432 508 εἵνεκα
472 448 644 507 δοκέω
688 450 1070 520 θεσπίζουσαν
1100 448 1206 525 τήν
1238 449 1458 523 Πυθίην
1492 449 1732 510 καλέσαι
1765 473 1865 524 μιν

246 538 481 614 Λιβυκῇ
507 535 768 617 γλώσσῃ,
787 536 992 597 εἰδυῖαν
1011 536 1082 601 ὦς
1100 536 1383 613 βασιλεύς
1398 536 1557 595 ἔσται
1579 534 1863 615 ε’νΛιβύῃ.

249 624 378 682 ε’πεί
412 650 475 682 τε
514 623 624 705 γὰρ
665 622 921 701 ἠνδρώθη
955 622 1141 694 οὗτος,
1168 625 1313 696 ηλθε
1346 629 1401 687 ἐς
1434 623 1701 700 Δελφοῦς
1731 623 1860 702 περὶ

247 715 353 787 τῆς
378 715 585 787 φωνῆς·
629 713 1007 787 ε’πειρωτέοντι
1033 712 1097 771 δέ
1121 715 1175 772 οἱ
1200 716 1315 791 χρᾷ
1341 711 1379 787 ἦ
1406 712 1594 787 Πυθίη
1621 711 1770 771 τάδε·

385 815 552 872 Βάττ’,
580 816 662 862 ἐπὶ
684 817 845 875 φωνὴν
865 812 1028 875 ἦλθες·
1065 814 1185 875 ἅναξ
1208 817 1260 865 δέ
1281 833 1339 865 σε
1360 817 1531 878 Φοῖβος
1546 815 1807 864 Ἀπόλλων

386 888 434 936 ἐς
455 887 641 950 Λιβύην
663 889 843 946 πέμπει
863 887 1172 948 μηλοτρόφον
1193 889 1458 947 οἰκιστῆρα.

250 972 448 1051 ὥσπερ
484 968 532 1033 εἰ
565 975 711 1034 εἴποι
735 974 974 1034 Ἑλλάδι
1005 974 1253 1056 γλώσσῃ
1278 974 1583 1053 χρεωμένη·
1645 972 1732 1033 “ὦ
1756 975 1866 1050 βα·-

252 1066 439 1132 σιλεῦ,
479 1062 572 1121 ἐπὶ
611 1062 804 1139 φωνήν
841 1061 1065 1138 ἦλθες.”
1152 1062 1184 1123 ὁ
1229 1063 1290 1122 δὲ
1334 1061 1604 1138 ἀμείβετο
1646 1062 1861 1122 τοῖσδε·

254 1161 290 1186 “
308 1149 472 1220 ὦναξ,
497 1149 604 1231 ε’γῶ
629 1153 734 1227 μὲν
758 1150 938 1226 ἦλθον
957 1151 1114 1228 παρὰ
1139 1153 1210 1211 σὲ
1234 1150 1588 1230 χρησόμενος
1612 1149 1740 1226 περὶ
1767 1155 1867 1226 τῆς

255 1243 466 1315 φωνῆς·
510 1239 585 1298 σύ
621 1239 684 1298 δέ
714 1264 814 1316 μοι
845 1238 1002 1298 ἄλλα
1042 1239 1286 1299 ἀδύνατα
1326 1243 1470 1318 χρᾷς
1505 1237 1743 1298 κελεύων
1769 1246 1865 1298 Λι-

251 1326 408 1404 βύην
439 1326 765 1397 ἀποικίζειν·
815 1327 921 1406 τέῳ
963 1326 1226 1404 δυνάμει,
1281 1327 1405 1403 κοίη
1440 1326 1591 1406 χειρί
1605 1325 1653 1396 ;”
1693 1331 1869 1387 ταῦτα

255 1415 441 1494 λέγων
481 1413 602 1473 οὐκὶ
643 1415 828 1475 ἔπειθε
858 1413 1014 1473 ἄλλα
1048 1417 1104 1474 οἱ
1134 1419 1300 1494 χρᾶν·
1343 1414 1416 1478 ὥς
1440 1415 1499 1473 δὲ
1527 1413 1669 1474 κατοῖ
1693 1414 1869 1474 ταῦτοῖ

255 1502 526 1572 ἐθέσπιζέ
565 1505 619 1561 οἱ
659 1502 752 1561 καὶ
782 1501 1074 1580 πρότερον,
1102 1504 1290 1582 οἴχετο
1326 1502 1536 1578 μεταξὺ
1575 1501 1871 1564 αἶπολιπών

255 1589 291 1648 ὅ
334 1589 554 1653 Βάττος
586 1595 641 1654 ἐς
675 1589 779 1665 τήν
813 1589 1023 1666 Θήρην.
1092 1591 1257 1651 Μετσὶ
1285 1592 1360 1662 δὲ,
1390 1590 1535 1671 αὐτῷ
1566 1617 1629 1651 τε
1653 1591 1829 1671 τούτῳ
1851 1592 1966 1650 156

257 1678 353 1736 καὶ
380 1683 533 1737 τοῖσι
558 1677 796 1737 ἄλλοισι
815 1680 1116 1756 Θηραίοισι
1137 1681 1478 1758 συνεφέρετο
1498 1679 1871 1760 παλιγκότως.

255 1765 583 1847 ἀγνοεῦντες
615 1765 675 1824 δὲ
705 1766 808 1829 τσῖς
839 1767 1143 1844 συμφορὰς
1181 1770 1234 1827 οἱ
1266 1772 1516 1845 Θηραῖοι,
1547 1769 1796 1844 ἔπεμπον
1817 1773 1872 1831 ἐς

257 1851 532 1928 Δελφους
568 1855 697 1930 περὶ
737 1857 848 1914 τῶν
887 1854 1206 1930 παρεόντων
1253 1859 1451 1915 κακῶν·
1506 1855 1543 1931 ἦ
1585 1855 1644 1914 δε
1685 1856 1873 1932 Πυθίη

258 1942 431 2016 σφι”
403 1966 611 2019 εχρησε
635 1942 1002 2022 συγκτίζουσι
1017 1941 1214 2020 Βάττω
1244 1942 1507 2019 Κυρήνην
1525 1947 1627 2020 τῆς
1652 1942 1876 2020 Λιβυης

259 2027 491 2104 ἄμεινον
504 2028 756 2106 πρήξειν.
797 2028 1159 2090 ἀπέστελλον
1175 2028 1316 2106 μετοῖ
1347 2035 1524 2089 ταῦτα
1539 2031 1640 2091 τὸν
1654 2030 1874 2092 Βάττον

260 2120 319 2175 οἱ
345 2121 579 2194 Θηραῖοι
605 2117 703 2176 δύο
728 2118 1237 2193 πεντηκοντέροισι·
1271 2116 1601 2182 πλώσαντες
1622 2120 1723 2178 δὲ’
1698 2146 1753 2182 ες
1771 2145 1878 2196 την

258 2203 488 2281 Λιβύην
517 2203 687 2276 οὗτοι,
707 2203 773 2265 οὗ
799 2204 909 2286 γοῖρ
933 2205 1085 2284 εἶχον
1108 2204 1141 2264 ὅ
1158 2231 1213 2266 τι
1239 2205 1473 2264 ποιέωσι
1500 2204 1665 2276 ἄλλο,
1690 2206 1875 2267 ὀπίσω

258 2292 716 2354 ἅπαλλάσσοπο
759 2298 814 2356 ἐς
852 2293 957 2368 τήν
991 2292 1199 2369 Θήρην·
1243 2295 1297 2352 οἱ
1338 2292 1397 2351 δὲ
1434 2296 1671 2369 Θηραῖοι
1710 2321 1873 2354 κατα-

258 2381 530 2460 γομένους
573 2382 830 2457 ἔβαλλον
871 2382 963 2440 καὶ
1003 2381 1105 2440 οὐκ
1141 2383 1242 2441 ἔων
1281 2383 1355 2459 τῇ
1397 2384 1475 2461 γῇ
1511 2382 1872 2462 προσίσχειν,

261 2467 398 2526 ἀλλ’
440 2467 624 2528 ὀπίσω
664 2468 874 2529 πλώειν
915 2469 1190 2529 ε’κέλευον·
1239 2472 1293 2528 οἱ
1330 2469 1390 2528 δὲ
1436 2468 1876 2549 ἀναγκαζόμενοι

260 2554 450 2614 ὀπίσω
475 2555 791 2626 οἷπέπλωον,
821 2556 913 2615 καὶ
942 2557 1167 2617 ἔκτισαν
1182 2561 1362 2625 νῇσον
1382 2557 1474 2616 ε’πὶ
1489 2557 1681 2635 Λιβύῃ
1698 2559 1876 2634 κειμέ-

261 2668 366 2718 νην
384 2648 455 2722 τῇ
485 2643 709 2722 οὔνομα,
730 2643 800 2708 ὥς
829 2644 922 2703 καὶ
947 2643 1223 2722 πρότερον
1250 2645 1449 2721 εἰρέθη,
1470 2645 1593 2705 ἐστὶ
1622 2647 1877 2706 Πλατέα.

260 2731 494 2812 λέγεται
522 2731 632 2791 δὲ”
609 2758 709 2808 ιση
737 2733 939 2792 εἶναιε
901 2759 938 2809 η
967 2737 1141 2809 νῆσος
1165 2738 1236 2811 τῇ
1263 2737 1360 2793 νῦν
1377 2735 1704 2811 Κυρηναίων
1720 2733 1879 2796 πόλι.

346 2819 569 2896 Ταύτην
608 2822 879 2884 οἰκέοντες
912 2821 1072 2881 δύο”
1043 2848 1185 2891 ετεα,
1224 2820 1383 2881 ουδὲν
1412 2820 1522 2901 γάρ
1563 2828 1676 2898 σφι
1700 2848 1836 2900 χρη·
1858 2820 1972 2883 157

263 2907 409 2968 στόν
451 2910 865 2986 συνεφέρετο,
839 2936 933 2969 ενα
961 2909 1141 2970 αυτῶν
1178 2908 1579 2973 καταλιπόντες
1606 2914 1660 2969 οἱ
1684 2912 1879 2971 λοιποὶ

266 2994 471 3057 πάντες
501 2995 847 3055 οἷπέπλεον’
822 3024 877 3059 ες
919 2998 1202 3073 Δελφούς·
1245 2996 1574 3073 ἀπικόμενοι
1602 2997 1713 3056 δὲ’
1688 2999 1780 3056 επὶ
1810 3025 1878 3059 το

263 3083 616 3163 χρηστήριον
643 3086 930 3164 ἐχρέωντο,
954 3083 1200 3162 φάμενοι
1225 3087 1420 3145 οἰκέειν
1443 3109 1505 3144 τε
1528 3085 1634 3161 τήν
1659 3085 1885 3163 Λιβύην

267 3172 362 3231 καὶ
402 3170 560 3232 οὐδὲν
599 3169 826 3250 ἄμεινον
864 3171 1149 3249 πρήσσειν
1189 3177 1478 3237 οἰκεῦντες·
1519 3173 1560 3251 ἦ
1596 3174 1657 3236 δὲ
1693 3174 1884 3250 Πυθίη

264 3265 383 3336 σφι
406 3258 554 3336 πρὸς
577 3263 756 3320 ταῦτα
780 3264 898 3340 χρᾷ
921 3259 1074 3322 τάδε·
