<?xml version="1.0" encoding="UTF-8"?>
<!DOCTYPE html PUBLIC "-//W3C//DTD XHTML 1.0 Transitional//EN"
    "http://www.w3.org/TR/xhtml1/DTD/xhtml1-transitional.dtd">
<html xmlns="http://www.w3.org/1999/xhtml" xml:lang="en" lang="en">
 <head>
  <title>
</title>
<meta http-equiv="Content-Type" content="text/html;charset=utf-8" />
  <meta name='ocr-system' content='tesseract 3.04.00' />
  <meta name='ocr-capabilities' content='ocr_page ocr_carea ocr_par ocr_line ocrx_word'/>
</head>
<body>
  <div class='ocr_page' id='page_1' title='image "./herodotus02unkngoog_0225.png"; bbox 0 0 2184 3517; ppageno 0'>
   <div class='ocr_carea' id='block_1_1' title="bbox 223 109 1852 3349">
    <p class='ocr_par' dir='ltr' id='par_1_1' title="bbox 223 109 1852 1764">
     <span class='ocr_line' id='line_1_1' title="bbox 231 109 1842 175; baseline -0.001 -15"><span class='ocrx_word' id='word_1_1' title='bbox 231 109 456 175; x_wconf 77' lang='lat'>12-14]</span> <span class='ocrx_word' id='word_1_2' title='bbox 907 110 1174 160; x_wconf 77' lang='grc' dir='ltr'>οΑΛΕΙΑ.</span> <span class='ocrx_word' id='word_1_3' title='bbox 1747 114 1842 160; x_wconf 71' lang='lat'>205</span> 
     </span>
     <span class='ocr_line' id='line_1_2' title="bbox 230 188 1829 267; baseline 0.001 -19"><span class='ocrx_word' id='word_1_4' title='bbox 230 190 491 266; x_wconf 86' lang='grc' dir='ltr'>Μέμφιν,</span> <span class='ocrx_word' id='word_1_5' title='bbox 519 188 732 266; x_wconf 67' lang='grc' dir='ltr'>ἔπεμπε</span> <span class='ocrx_word' id='word_1_6' title='bbox 756 189 864 250; x_wconf 68' lang='grc' dir='ltr'>α’νσῖ</span> <span class='ocrx_word' id='word_1_7' title='bbox 893 190 1152 266; x_wconf 78' lang='grc' dir='ltr'>ποταμὸν</span> <span class='ocrx_word' id='word_1_8' title='bbox 1179 190 1505 267; x_wconf 81' lang='grc' dir='ltr'>Καμβύσης</span> <span class='ocrx_word' id='word_1_9' title='bbox 1537 192 1635 249; x_wconf 89' lang='grc' dir='ltr'>νέα</span> <span class='ocrx_word' id='word_1_10' title='bbox 1660 195 1829 250; x_wconf 78' lang='grc' dir='ltr'>Μυτι·</span> 
     </span>
     <span class='ocr_line' id='line_1_3' title="bbox 228 275 1838 358; baseline 0.001 -22"><span class='ocrx_word' id='word_1_11' title='bbox 228 278 471 353; x_wconf 85' lang='grc' dir='ltr'>ληναίην</span> <span class='ocrx_word' id='word_1_12' title='bbox 523 277 734 353; x_wconf 88' lang='grc' dir='ltr'>κήρυκα</span> <span class='ocrx_word' id='word_1_13' title='bbox 774 276 1027 358; x_wconf 77' lang='grc' dir='ltr'>ἄγουσαν</span> <span class='ocrx_word' id='word_1_14' title='bbox 1069 275 1245 354; x_wconf 77' lang='grc' dir='ltr'>ἄνδρα</span> <span class='ocrx_word' id='word_1_15' title='bbox 1297 277 1548 353; x_wconf 85' lang='grc' dir='ltr'>Πέρσην,</span> <span class='ocrx_word' id='word_1_16' title='bbox 1597 281 1652 339; x_wconf 87' lang='grc' dir='ltr'>ἐς</span> <span class='ocrx_word' id='word_1_17' title='bbox 1704 276 1838 354; x_wconf 82' lang='grc' dir='ltr'>ὅμο-</span> 
     </span>
     <span class='ocr_line' id='line_1_4' title="bbox 226 364 1839 446; baseline 0.002 -23"><span class='ocrx_word' id='word_1_18' title='bbox 226 366 435 445; x_wconf 87' lang='grc' dir='ltr'>λογίην</span> <span class='ocrx_word' id='word_1_19' title='bbox 452 364 902 442; x_wconf 81' lang='grc' dir='ltr'>προκαλεόμενος</span> <span class='ocrx_word' id='word_1_20' title='bbox 929 367 1285 446; x_wconf 78' lang='grc' dir='ltr'>Αἰγυπτίους·</span> <span class='ocrx_word' id='word_1_21' title='bbox 1318 368 1372 425; x_wconf 83' lang='grc' dir='ltr'>οἶ</span> <span class='ocrx_word' id='word_1_22' title='bbox 1399 365 1475 437; x_wconf 82' lang='grc' dir='ltr'>δὲ,</span> <span class='ocrx_word' id='word_1_23' title='bbox 1503 366 1629 425; x_wconf 89' lang='grc' dir='ltr'>ἐπεί</span> <span class='ocrx_word' id='word_1_24' title='bbox 1648 390 1712 425; x_wconf 88' lang='grc' dir='ltr'>τε</span> <span class='ocrx_word' id='word_1_25' title='bbox 1734 365 1839 441; x_wconf 83' lang='grc' dir='ltr'>τήν</span> 
     </span>
     <span class='ocr_line' id='line_1_5' title="bbox 225 453 1839 533; baseline 0.001 -22"><span class='ocrx_word' id='word_1_26' title='bbox 225 453 330 512; x_wconf 88' lang='grc' dir='ltr'>νέα</span> <span class='ocrx_word' id='word_1_27' title='bbox 374 453 494 512; x_wconf 83' lang='grc' dir='ltr'>ἴδον</span> <span class='ocrx_word' id='word_1_28' title='bbox 540 454 894 513; x_wconf 80' lang='grc' dir='ltr'>ἐσελθοῦσαν</span> <span class='ocrx_word' id='word_1_29' title='bbox 948 459 1004 517; x_wconf 87' lang='grc' dir='ltr'>ἐς</span> <span class='ocrx_word' id='word_1_30' title='bbox 1054 453 1159 529; x_wconf 82' lang='grc' dir='ltr'>τὴν</span> <span class='ocrx_word' id='word_1_31' title='bbox 1212 454 1469 529; x_wconf 83' lang='grc' dir='ltr'>Μέμφιν,</span> <span class='ocrx_word' id='word_1_32' title='bbox 1519 453 1839 533; x_wconf 83' lang='grc' dir='ltr'>ἐκχυθέντες</span> 
     </span>
     <span class='ocr_line' id='line_1_6' title="bbox 224 540 1852 620; baseline 0.002 -21"><span class='ocrx_word' id='word_1_33' title='bbox 224 540 392 604; x_wconf 84' lang='grc' dir='ltr'>οἷλέες</span> <span class='ocrx_word' id='word_1_34' title='bbox 419 545 479 598; x_wconf 90' lang='grc' dir='ltr'>ἐκ</span> <span class='ocrx_word' id='word_1_35' title='bbox 503 545 604 600; x_wconf 79' lang='grc' dir='ltr'>τοῦ</span> <span class='ocrx_word' id='word_1_36' title='bbox 628 541 859 620; x_wconf 85' lang='grc' dir='ltr'>τείχεος,</span> <span class='ocrx_word' id='word_1_37' title='bbox 885 541 990 616; x_wconf 88' lang='grc' dir='ltr'>τήν</span> <span class='ocrx_word' id='word_1_38' title='bbox 1014 567 1078 602; x_wconf 93' lang='grc' dir='ltr'>τε</span> <span class='ocrx_word' id='word_1_39' title='bbox 1111 542 1210 601; x_wconf 88' lang='grc' dir='ltr'>νέα</span> <span class='ocrx_word' id='word_1_40' title='bbox 1245 540 1566 618; x_wconf 87' lang='grc' dir='ltr'>διέφθειραν</span> <span class='ocrx_word' id='word_1_41' title='bbox 1593 541 1686 600; x_wconf 85' lang='grc' dir='ltr'>καὶ</span> <span class='ocrx_word' id='word_1_42' title='bbox 1708 540 1852 605; x_wconf 75' lang='grc' dir='ltr'>τούς</span> 
     </span>
     <span class='ocr_line' id='line_1_7' title="bbox 225 626 1837 710; baseline 0.001 -23"><span class='ocrx_word' id='word_1_43' title='bbox 225 626 433 705; x_wconf 74' lang='grc' dir='ltr'>ἄνδρας</span> <span class='ocrx_word' id='word_1_44' title='bbox 482 628 855 709; x_wconf 80' lang='grc' dir='ltr'>κρεουργηδὸν</span> <span class='ocrx_word' id='word_1_45' title='bbox 907 628 1325 692; x_wconf 84' lang='grc' dir='ltr'>διασπάσαντες</span> <span class='ocrx_word' id='word_1_46' title='bbox 1378 629 1632 710; x_wconf 38' lang='grc' dir='ltr'>ἐφόρεον,</span> <span class='ocrx_word' id='word_1_47' title='bbox 1666 634 1723 692; x_wconf 90' lang='grc' dir='ltr'>ἐς</span> <span class='ocrx_word' id='word_1_48' title='bbox 1769 628 1837 690; x_wconf 81' lang='grc' dir='ltr'><em>τό</em></span> 
     </span>
     <span class='ocr_line' id='line_1_8' title="bbox 224 716 1835 797; baseline 0.001 -22"><span class='ocrx_word' id='word_1_49' title='bbox 224 720 429 795; x_wconf 83' lang='grc' dir='ltr'>τεῖχος.</span> <span class='ocrx_word' id='word_1_50' title='bbox 516 716 608 775; x_wconf 83' lang='grc' dir='ltr'>καὶ</span> <span class='ocrx_word' id='word_1_51' title='bbox 639 716 937 797; x_wconf 82' lang='grc' dir='ltr'>Αἰγύπτιοι</span> <span class='ocrx_word' id='word_1_52' title='bbox 975 719 1080 795; x_wconf 82' lang='grc' dir='ltr'>μὲν</span> <span class='ocrx_word' id='word_1_53' title='bbox 1119 716 1264 794; x_wconf 71' lang='grc' dir='ltr'>μετσῖ</span> <span class='ocrx_word' id='word_1_54' title='bbox 1301 720 1472 777; x_wconf 82' lang='grc' dir='ltr'>τοῦτο</span> <span class='ocrx_word' id='word_1_55' title='bbox 1510 716 1835 794; x_wconf 73' lang='grc' dir='ltr'>πολιορκεύ-</span> 
     </span>
     <span class='ocr_line' id='line_1_9' title="bbox 224 804 1835 883; baseline 0.002 -18"><span class='ocrx_word' id='word_1_56' title='bbox 224 829 405 881; x_wconf 82' lang='grc' dir='ltr'>μενοι,</span> <span class='ocrx_word' id='word_1_57' title='bbox 431 804 615 883; x_wconf 74' lang='grc' dir='ltr'>χρόνῳ</span> <span class='ocrx_word' id='word_1_58' title='bbox 652 805 1042 881; x_wconf 79' lang='grc' dir='ltr'>παρέστησαν·</span> <span class='ocrx_word' id='word_1_59' title='bbox 1084 808 1140 863; x_wconf 81' lang='grc' dir='ltr'>οἱ</span> <span class='ocrx_word' id='word_1_60' title='bbox 1176 804 1236 863; x_wconf 77' lang='grc' dir='ltr'>δὲ</span> <span class='ocrx_word' id='word_1_61' title='bbox 1257 805 1571 883; x_wconf 85' lang='grc' dir='ltr'>,προσεχέες</span> <span class='ocrx_word' id='word_1_62' title='bbox 1606 806 1835 882; x_wconf 81' lang='grc' dir='ltr'>Λίβυες,</span> 
     </span>
     <span class='ocr_line' id='line_1_10' title="bbox 226 891 1837 975; baseline 0.001 -24"><span class='ocrx_word' id='word_1_63' title='bbox 226 892 515 956; x_wconf 87' lang='grc' dir='ltr'>δείσαντες</span> <span class='ocrx_word' id='word_1_64' title='bbox 547 893 621 952; x_wconf 83' lang='grc' dir='ltr'>τοὶ</span> <span class='ocrx_word' id='word_1_65' title='bbox 655 891 785 969; x_wconf 82' lang='grc' dir='ltr'>περὶ</span> <span class='ocrx_word' id='word_1_66' title='bbox 823 891 925 953; x_wconf 74' lang='grc' dir='ltr'>τᾶν</span> <span class='ocrx_word' id='word_1_67' title='bbox 961 895 1249 975; x_wconf 80' lang='grc' dir='ltr'>Αἴγυπτον</span> <span class='ocrx_word' id='word_1_68' title='bbox 1282 892 1570 975; x_wconf 78' lang='grc' dir='ltr'>γεγονότα,</span> <span class='ocrx_word' id='word_1_69' title='bbox 1604 893 1837 970; x_wconf 86' lang='grc' dir='ltr'>παρέδο-</span> 
     </span>
     <span class='ocr_line' id='line_1_11' title="bbox 225 978 1835 1060; baseline 0.001 -21"><span class='ocrx_word' id='word_1_70' title='bbox 225 1006 344 1040; x_wconf 86' lang='grc' dir='ltr'>σαν</span> <span class='ocrx_word' id='word_1_71' title='bbox 367 980 553 1057; x_wconf 86' lang='grc' dir='ltr'>σφέας</span> <span class='ocrx_word' id='word_1_72' title='bbox 589 978 787 1044; x_wconf 74' lang='grc' dir='ltr'>αὖτούς</span> <span class='ocrx_word' id='word_1_73' title='bbox 823 978 1090 1060; x_wconf 87' lang='grc' dir='ltr'>α’μαχητί·</span> <span class='ocrx_word' id='word_1_74' title='bbox 1137 981 1229 1039; x_wconf 86' lang='grc' dir='ltr'>καὶ</span> <span class='ocrx_word' id='word_1_75' title='bbox 1266 980 1446 1059; x_wconf 90' lang='grc' dir='ltr'>φόρον</span> <span class='ocrx_word' id='word_1_76' title='bbox 1475 1006 1538 1041; x_wconf 88' lang='grc' dir='ltr'>τε</span> <span class='ocrx_word' id='word_1_77' title='bbox 1569 980 1835 1051; x_wconf 75' lang='grc' dir='ltr'>ἐτάξαντο</span> 
     </span>
     <span class='ocr_line' id='line_1_12' title="bbox 227 1068 1835 1147; baseline 0.001 -21"><span class='ocrx_word' id='word_1_78' title='bbox 227 1068 328 1126; x_wconf 86' lang='grc' dir='ltr'>καὶ</span> <span class='ocrx_word' id='word_1_79' title='bbox 357 1069 506 1147; x_wconf 75' lang='grc' dir='ltr'>δῶρα</span> <span class='ocrx_word' id='word_1_80' title='bbox 542 1069 810 1145; x_wconf 80' lang='grc' dir='ltr'>ἔπεμπον.</span> <span class='ocrx_word' id='word_1_81' title='bbox 894 1069 966 1133; x_wconf 71' lang='grc' dir='ltr'>ὣς</span> <span class='ocrx_word' id='word_1_82' title='bbox 996 1069 1057 1129; x_wconf 81' lang='grc' dir='ltr'>δὲ</span> <span class='ocrx_word' id='word_1_83' title='bbox 1090 1073 1399 1146; x_wconf 85' lang='grc' dir='ltr'>Κυρηναῖοι</span> <span class='ocrx_word' id='word_1_84' title='bbox 1436 1069 1528 1127; x_wconf 86' lang='grc' dir='ltr'>καὶ</span> <span class='ocrx_word' id='word_1_85' title='bbox 1563 1072 1835 1146; x_wconf 83' lang='grc' dir='ltr'>Βαρκαῖοι</span> 
     </span>
     <span class='ocr_line' id='line_1_13' title="bbox 223 1154 1837 1239; baseline -0.001 -24"><span class='ocrx_word' id='word_1_86' title='bbox 223 1155 513 1220; x_wconf 80' lang='grc' dir='ltr'>δείσαντες</span> <span class='ocrx_word' id='word_1_87' title='bbox 552 1155 756 1233; x_wconf 81' lang='grc' dir='ltr'>ὁμοίως</span> <span class='ocrx_word' id='word_1_88' title='bbox 793 1154 859 1239; x_wconf 57' lang='grc' dir='ltr'>[οἳ</span> <span class='ocrx_word' id='word_1_89' title='bbox 900 1158 993 1216; x_wconf 85' lang='grc' dir='ltr'>καὶ</span> <span class='ocrx_word' id='word_1_90' title='bbox 1033 1160 1088 1217; x_wconf 76' lang='grc' dir='ltr'>οἱ</span> <span class='ocrx_word' id='word_1_91' title='bbox 1128 1158 1355 1233; x_wconf 84' lang='grc' dir='ltr'>Λίβυες,</span> <span class='ocrx_word' id='word_1_92' title='bbox 1385 1157 1545 1234; x_wconf 79' lang='grc' dir='ltr'>ἕτερα</span> <span class='ocrx_word' id='word_1_93' title='bbox 1582 1156 1837 1239; x_wconf 80' lang='grc' dir='ltr'>τοιαῦτα]</span> 
     </span>
     <span class='ocr_line' id='line_1_14' title="bbox 225 1243 1836 1321; baseline 0.001 -19"><span class='ocrx_word' id='word_1_94' title='bbox 225 1244 521 1320; x_wconf 84' lang='grc' dir='ltr'>ἐποίησαν,</span> <span class='ocrx_word' id='word_1_95' title='bbox 550 1243 879 1321; x_wconf 83' lang='grc' dir='ltr'>Καμβύσης</span> <span class='ocrx_word' id='word_1_96' title='bbox 904 1245 965 1304; x_wconf 82' lang='grc' dir='ltr'>δὲ</span> <span class='ocrx_word' id='word_1_97' title='bbox 989 1244 1062 1304; x_wconf 83' lang='grc' dir='ltr'>τοὶ</span> <span class='ocrx_word' id='word_1_98' title='bbox 1087 1247 1192 1321; x_wconf 79' lang='grc' dir='ltr'>μὲν</span> <span class='ocrx_word' id='word_1_99' title='bbox 1217 1245 1371 1321; x_wconf 78' lang='grc' dir='ltr'>παραὶ</span> <span class='ocrx_word' id='word_1_100' title='bbox 1390 1243 1621 1321; x_wconf 83' lang='grc' dir='ltr'>Λιβύων</span> <span class='ocrx_word' id='word_1_101' title='bbox 1646 1243 1836 1304; x_wconf 89' lang='grc' dir='ltr'>ἐλθόν-</span> 
     </span>
     <span class='ocr_line' id='line_1_15' title="bbox 223 1332 1837 1410; baseline 0 -18"><span class='ocrx_word' id='word_1_102' title='bbox 223 1358 303 1392; x_wconf 87' lang='grc' dir='ltr'>τα</span> <span class='ocrx_word' id='word_1_103' title='bbox 330 1332 478 1410; x_wconf 84' lang='grc' dir='ltr'>δῶρα</span> <span class='ocrx_word' id='word_1_104' title='bbox 500 1332 863 1409; x_wconf 85' lang='grc' dir='ltr'>φιλοφρόνως</span> <span class='ocrx_word' id='word_1_105' title='bbox 889 1333 1131 1404; x_wconf 77' lang='grc' dir='ltr'>ἐδέξατο,</span> <span class='ocrx_word' id='word_1_106' title='bbox 1150 1332 1223 1393; x_wconf 76' lang='grc' dir='ltr'>τᾰ.</span> <span class='ocrx_word' id='word_1_107' title='bbox 1250 1333 1310 1393; x_wconf 84' lang='grc' dir='ltr'>δὲ</span> <span class='ocrx_word' id='word_1_108' title='bbox 1335 1334 1488 1410; x_wconf 74' lang='grc' dir='ltr'>παρὰ</span> <span class='ocrx_word' id='word_1_109' title='bbox 1510 1333 1837 1410; x_wconf 85' lang='grc' dir='ltr'>Κυρηναίων</span> 
     </span>
     <span class='ocr_line' id='line_1_16' title="bbox 225 1419 1835 1502; baseline 0.001 -23"><span class='ocrx_word' id='word_1_110' title='bbox 225 1419 541 1498; x_wconf 75' lang='grc' dir='ltr'>ἀπικόμενα</span> <span class='ocrx_word' id='word_1_111' title='bbox 565 1421 930 1499; x_wconf 68' lang='grc' dir='ltr'>μεμφθεὶς,“</span> <span class='ocrx_word' id='word_1_112' title='bbox 887 1448 961 1486; x_wconf 85' lang='grc' dir='ltr'>ως</span> <span class='ocrx_word' id='word_1_113' title='bbox 993 1421 1119 1498; x_wconf 84' lang='grc' dir='ltr'>ἐμοὶ</span> <span class='ocrx_word' id='word_1_114' title='bbox 1146 1421 1400 1492; x_wconf 86' lang='grc' dir='ltr'>δοκέει,</span> <span class='ocrx_word' id='word_1_115' title='bbox 1367 1448 1455 1481; x_wconf 90' lang='grc' dir='ltr'>οτι</span> <span class='ocrx_word' id='word_1_116' title='bbox 1489 1421 1560 1497; x_wconf 86' lang='grc' dir='ltr'>ἦν</span> <span class='ocrx_word' id='word_1_117' title='bbox 1586 1420 1835 1502; x_wconf 84' lang='grc' dir='ltr'>ολίγα-</span> 
     </span>
     <span class='ocr_line' id='line_1_17' title="bbox 225 1508 1837 1591; baseline 0.001 -24"><span class='ocrx_word' id='word_1_118' title='bbox 225 1509 486 1586; x_wconf 78' lang='grc' dir='ltr'>ἔπεμψαν</span> <span class='ocrx_word' id='word_1_119' title='bbox 537 1509 647 1590; x_wconf 84' lang='grc' dir='ltr'>γοὶρ</span> <span class='ocrx_word' id='word_1_120' title='bbox 702 1508 772 1584; x_wconf 89' lang='grc' dir='ltr'>δη</span> <span class='ocrx_word' id='word_1_121' title='bbox 823 1510 1199 1586; x_wconf 82' lang='grc' dir='ltr'>πεντηκοσίας</span> <span class='ocrx_word' id='word_1_122' title='bbox 1247 1510 1418 1586; x_wconf 88' lang='grc' dir='ltr'>μνέας</span> <span class='ocrx_word' id='word_1_123' title='bbox 1469 1508 1736 1591; x_wconf 71' lang='grc' dir='ltr'>ἀργυρίου</span> <span class='ocrx_word' id='word_1_124' title='bbox 1782 1512 1837 1569; x_wconf 79' lang='grc' dir='ltr'>οἱ</span> 
     </span>
     <span class='ocr_line' id='line_1_18' title="bbox 227 1595 1836 1678; baseline 0.003 -24"><span class='ocrx_word' id='word_1_125' title='bbox 227 1595 825 1673; x_wconf 74' lang='grc' dir='ltr'>Κυρηναῖοι-ταύτας</span> <span class='ocrx_word' id='word_1_126' title='bbox 890 1595 1296 1676; x_wconf 85' lang='grc' dir='ltr'>δρασσόμενος,</span> <span class='ocrx_word' id='word_1_127' title='bbox 1352 1597 1672 1678; x_wconf 76' lang='grc' dir='ltr'>αὐτοχειρίῃ</span> <span class='ocrx_word' id='word_1_128' title='bbox 1731 1597 1836 1660; x_wconf 81' lang='grc' dir='ltr'>διέ-</span> 
     </span>
     <span class='ocr_line' id='line_1_19' title="bbox 226 1688 819 1764; baseline -0.003 -19"><span class='ocrx_word' id='word_1_129' title='bbox 226 1710 432 1762; x_wconf 84' lang='grc' dir='ltr'>σπειρε</span> <span class='ocrx_word' id='word_1_130' title='bbox 456 1688 530 1764; x_wconf 83' lang='grc' dir='ltr'>τῇ</span> <span class='ocrx_word' id='word_1_131' title='bbox 558 1688 819 1762; x_wconf 83' lang='grc' dir='ltr'>στρατιῇ.</span> 
     </span>
    </p>

    <p class='ocr_par' dir='ltr' id='par_1_2' title="bbox 223 1769 1837 3349">
     <span class='ocr_line' id='line_1_20' title="bbox 311 1769 1835 1853; baseline 0.002 -22"><span class='ocrx_word' id='word_1_132' title='bbox 311 1771 530 1852; x_wconf 72' lang='grc' dir='ltr'>Ἠμέρῃ</span> <span class='ocrx_word' id='word_1_133' title='bbox 557 1773 616 1832; x_wconf 76' lang='grc' dir='ltr'>δὲ</span> <span class='ocrx_word' id='word_1_134' title='bbox 651 1772 854 1852; x_wconf 82' lang='grc' dir='ltr'>δεκάτῃ</span> <span class='ocrx_word' id='word_1_135' title='bbox 891 1770 987 1831; x_wconf 76' lang='grc' dir='ltr'>ἀπ’</span> <span class='ocrx_word' id='word_1_136' title='bbox 1023 1769 1094 1848; x_wconf 88' lang='grc' dir='ltr'>ἧς</span> <span class='ocrx_word' id='word_1_137' title='bbox 1126 1772 1424 1850; x_wconf 90' lang='grc' dir='ltr'>παρέλαβε</span> <span class='ocrx_word' id='word_1_138' title='bbox 1458 1773 1526 1833; x_wconf 81' lang='grc' dir='ltr'>τό</span> <span class='ocrx_word' id='word_1_139' title='bbox 1560 1777 1745 1853; x_wconf 80' lang='grc' dir='ltr'>τεῖχος</span> <span class='ocrx_word' id='word_1_140' title='bbox 1768 1773 1835 1834; x_wconf 81' lang='grc' dir='ltr'>τό</span> 
     </span>
     <span class='ocr_line' id='line_1_21' title="bbox 226 1860 1837 1939; baseline 0 -18"><span class='ocrx_word' id='word_1_141' title='bbox 226 1865 291 1921; x_wconf 88' lang='grc' dir='ltr'>ἐν</span> <span class='ocrx_word' id='word_1_142' title='bbox 316 1860 523 1938; x_wconf 87' lang='grc' dir='ltr'>Μέμφι</span> <span class='ocrx_word' id='word_1_143' title='bbox 552 1861 894 1937; x_wconf 83' lang='grc' dir='ltr'>Καμβύσης,</span> <span class='ocrx_word' id='word_1_144' title='bbox 924 1861 1159 1924; x_wconf 84' lang='grc' dir='ltr'>κατίσας</span> <span class='ocrx_word' id='word_1_145' title='bbox 1192 1866 1247 1924; x_wconf 90' lang='grc' dir='ltr'>ἐς</span> <span class='ocrx_word' id='word_1_146' title='bbox 1275 1861 1342 1921; x_wconf 85' lang='grc' dir='ltr'><strong><em>τό</em></strong></span> <span class='ocrx_word' id='word_1_147' title='bbox 1378 1861 1718 1939; x_wconf 77' lang='grc' dir='ltr'>προάστειον</span> <span class='ocrx_word' id='word_1_148' title='bbox 1745 1863 1837 1921; x_wconf 83' lang='grc' dir='ltr'>ἐπὶ</span> 
     </span>
     <span class='ocr_line' id='line_1_22' title="bbox 225 1947 1833 2031; baseline 0.002 -24"><span class='ocrx_word' id='word_1_149' title='bbox 225 1947 384 2028; x_wconf 84' lang='grc' dir='ltr'>λύμῃ</span> <span class='ocrx_word' id='word_1_150' title='bbox 435 1948 536 2008; x_wconf 85' lang='grc' dir='ltr'>τόν</span> <span class='ocrx_word' id='word_1_151' title='bbox 597 1949 855 2026; x_wconf 87' lang='grc' dir='ltr'>βασιλέα</span> <span class='ocrx_word' id='word_1_152' title='bbox 909 1951 1021 2009; x_wconf 75' lang='grc' dir='ltr'>τῶν</span> <span class='ocrx_word' id='word_1_153' title='bbox 1074 1950 1395 2031; x_wconf 79' lang='grc' dir='ltr'>Αἰγυπτίων</span> <span class='ocrx_word' id='word_1_154' title='bbox 1449 1950 1833 2027; x_wconf 80' lang='grc' dir='ltr'>Ψαμμήνιτον,</span> 
     </span>
     <span class='ocr_line' id='line_1_23' title="bbox 225 2036 1834 2114; baseline 0.002 -19"><span class='ocrx_word' id='word_1_155' title='bbox 225 2036 665 2113; x_wconf 88' lang='grc' dir='ltr'>βασιλεύσαντα</span> <span class='ocrx_word' id='word_1_156' title='bbox 689 2040 868 2114; x_wconf 83' lang='grc' dir='ltr'>μῆνας</span> <span class='ocrx_word' id='word_1_157' title='bbox 896 2036 973 2107; x_wconf 79' lang='grc' dir='ltr'>ἓξ,</span> <span class='ocrx_word' id='word_1_158' title='bbox 997 2040 1199 2097; x_wconf 82' lang='grc' dir='ltr'>τοῦτον</span> <span class='ocrx_word' id='word_1_159' title='bbox 1231 2038 1480 2108; x_wconf 86' lang='grc' dir='ltr'>κατίσας,</span> <span class='ocrx_word' id='word_1_160' title='bbox 1507 2038 1615 2098; x_wconf 79' lang='grc' dir='ltr'>σῦν</span> <span class='ocrx_word' id='word_1_161' title='bbox 1639 2037 1834 2099; x_wconf 83' lang='grc' dir='ltr'>ἅλλοι-</span> 
     </span>
     <span class='ocr_line' id='line_1_24' title="bbox 226 2124 1837 2207; baseline 0.002 -24"><span class='ocrx_word' id='word_1_162' title='bbox 226 2151 297 2183; x_wconf 86' lang='grc' dir='ltr'>σι</span> <span class='ocrx_word' id='word_1_163' title='bbox 327 2125 687 2207; x_wconf 81' lang='grc' dir='ltr'>Αἰγυπτίοισι</span> <span class='ocrx_word' id='word_1_164' title='bbox 719 2124 1032 2202; x_wconf 79' lang='grc' dir='ltr'>διεπειρᾶτο</span> <span class='ocrx_word' id='word_1_165' title='bbox 1065 2124 1236 2185; x_wconf 74' lang='grc' dir='ltr'>αὐτοῦ</span> <span class='ocrx_word' id='word_1_166' title='bbox 1270 2130 1372 2201; x_wconf 84' lang='grc' dir='ltr'>τῆς</span> <span class='ocrx_word' id='word_1_167' title='bbox 1408 2130 1608 2205; x_wconf 82' lang='grc' dir='ltr'>ψυχῆς,</span> <span class='ocrx_word' id='word_1_168' title='bbox 1635 2127 1837 2187; x_wconf 89' lang='grc' dir='ltr'>ποιέων</span> 
     </span>
     <span class='ocr_line' id='line_1_25' title="bbox 223 2210 1833 2294; baseline 0.001 -22"><span class='ocrx_word' id='word_1_169' title='bbox 223 2212 434 2273; x_wconf 78' lang='grc' dir='ltr'>τοιάδε.</span> <span class='ocrx_word' id='word_1_170' title='bbox 517 2214 750 2275; x_wconf 89' lang='grc' dir='ltr'>στείλας</span> <span class='ocrx_word' id='word_1_171' title='bbox 803 2212 973 2272; x_wconf 79' lang='grc' dir='ltr'>αὐτοῦ</span> <span class='ocrx_word' id='word_1_172' title='bbox 1010 2210 1117 2287; x_wconf 80' lang='grc' dir='ltr'>τήν</span> <span class='ocrx_word' id='word_1_173' title='bbox 1158 2214 1435 2294; x_wconf 88' lang='grc' dir='ltr'>θυγατέρα</span> <span class='ocrx_word' id='word_1_174' title='bbox 1475 2215 1673 2289; x_wconf 83' lang='grc' dir='ltr'>ἐσθῆτι</span> <span class='ocrx_word' id='word_1_175' title='bbox 1713 2214 1833 2274; x_wconf 83' lang='grc' dir='ltr'>δου-</span> 
     </span>
     <span class='ocr_line' id='line_1_26' title="bbox 224 2299 1833 2380; baseline 0.001 -21"><span class='ocrx_word' id='word_1_176' title='bbox 224 2301 383 2380; x_wconf 79' lang='grc' dir='ltr'>ληΐῃ,</span> <span class='ocrx_word' id='word_1_177' title='bbox 405 2301 680 2378; x_wconf 80' lang='grc' dir='ltr'>ἐξέπεμπε</span> <span class='ocrx_word' id='word_1_178' title='bbox 702 2299 786 2359; x_wconf 84' lang='grc' dir='ltr'>ἐπ’</span> <span class='ocrx_word' id='word_1_179' title='bbox 808 2299 951 2378; x_wconf 81' lang='grc' dir='ltr'>ὕδωρ</span> <span class='ocrx_word' id='word_1_180' title='bbox 980 2301 1223 2379; x_wconf 83' lang='grc' dir='ltr'>ἔχουσαν</span> <span class='ocrx_word' id='word_1_181' title='bbox 1241 2300 1485 2377; x_wconf 80' lang='grc' dir='ltr'>ὗδρήῖον·</span> <span class='ocrx_word' id='word_1_182' title='bbox 1512 2301 1833 2378; x_wconf 89' lang='grc' dir='ltr'>συνέπεμπε</span> 
     </span>
     <span class='ocr_line' id='line_1_27' title="bbox 227 2388 1835 2466; baseline 0 -19"><span class='ocrx_word' id='word_1_183' title='bbox 227 2389 293 2447; x_wconf 82' lang='grc' dir='ltr'>δὲ</span> <span class='ocrx_word' id='word_1_184' title='bbox 344 2389 437 2448; x_wconf 84' lang='grc' dir='ltr'>καὶ</span> <span class='ocrx_word' id='word_1_185' title='bbox 490 2388 674 2451; x_wconf 76' lang='grc' dir='ltr'>ἄλλας</span> <span class='ocrx_word' id='word_1_186' title='bbox 726 2390 1048 2466; x_wconf 86' lang='grc' dir='ltr'>παρθένους,</span> <span class='ocrx_word' id='word_1_187' title='bbox 1102 2388 1385 2458; x_wconf 78' lang='grc' dir='ltr'>ἀπολέξας</span> <span class='ocrx_word' id='word_1_188' title='bbox 1450 2388 1660 2464; x_wconf 74' lang='grc' dir='ltr'>ἀνδρῶν</span> <span class='ocrx_word' id='word_1_189' title='bbox 1724 2392 1835 2449; x_wconf 77' lang='grc' dir='ltr'>τῶν</span> 
     </span>
     <span class='ocr_line' id='line_1_28' title="bbox 225 2475 1833 2555; baseline 0.001 -20"><span class='ocrx_word' id='word_1_190' title='bbox 225 2476 476 2553; x_wconf 79' lang='grc' dir='ltr'>πρώτων,</span> <span class='ocrx_word' id='word_1_191' title='bbox 503 2476 707 2555; x_wconf 80' lang='grc' dir='ltr'>ὁμοίως</span> <span class='ocrx_word' id='word_1_192' title='bbox 733 2477 1081 2554; x_wconf 86' lang='grc' dir='ltr'>ἐσταλμένας</span> <span class='ocrx_word' id='word_1_193' title='bbox 1106 2480 1178 2555; x_wconf 84' lang='grc' dir='ltr'>τῇ</span> <span class='ocrx_word' id='word_1_194' title='bbox 1201 2480 1303 2536; x_wconf 78' lang='grc' dir='ltr'>τοῦ</span> <span class='ocrx_word' id='word_1_195' title='bbox 1328 2477 1626 2553; x_wconf 87' lang='grc' dir='ltr'>βασιλέος·</span> <span class='ocrx_word' id='word_1_196' title='bbox 1676 2475 1746 2540; x_wconf 78' lang='grc' dir='ltr'>ὥς</span> <span class='ocrx_word' id='word_1_197' title='bbox 1771 2476 1833 2537; x_wconf 85' lang='grc' dir='ltr'>δὲ</span> 
     </span>
     <span class='ocr_line' id='line_1_29' title="bbox 224 2565 1834 2645; baseline -0.001 -20"><span class='ocrx_word' id='word_1_198' title='bbox 224 2567 351 2645; x_wconf 86' lang='grc' dir='ltr'>βοῇ</span> <span class='ocrx_word' id='word_1_199' title='bbox 403 2590 466 2625; x_wconf 82' lang='grc' dir='ltr'>τε</span> <span class='ocrx_word' id='word_1_200' title='bbox 521 2565 613 2624; x_wconf 83' lang='grc' dir='ltr'>καὶ</span> <span class='ocrx_word' id='word_1_201' title='bbox 656 2566 922 2644; x_wconf 75' lang='grc' dir='ltr'>κλαυθμῷ</span> <span class='ocrx_word' id='word_1_202' title='bbox 969 2568 1237 2641; x_wconf 88' lang='grc' dir='ltr'>παρῆσαν</span> <span class='ocrx_word' id='word_1_203' title='bbox 1280 2568 1339 2624; x_wconf 78' lang='grc' dir='ltr'>αἱ</span> <span class='ocrx_word' id='word_1_204' title='bbox 1382 2566 1651 2641; x_wconf 90' lang='grc' dir='ltr'>παρθένοι</span> <span class='ocrx_word' id='word_1_205' title='bbox 1692 2565 1834 2625; x_wconf 73' lang='grc' dir='ltr'>κατὰ</span> 
     </span>
     <span class='ocr_line' id='line_1_30' title="bbox 224 2652 1833 2731; baseline 0 -18"><span class='ocrx_word' id='word_1_206' title='bbox 224 2653 361 2716; x_wconf 73' lang='grc' dir='ltr'>τούς</span> <span class='ocrx_word' id='word_1_207' title='bbox 385 2654 645 2731; x_wconf 89' lang='grc' dir='ltr'>πατέρας,</span> <span class='ocrx_word' id='word_1_208' title='bbox 673 2657 728 2712; x_wconf 87' lang='grc' dir='ltr'>οἱ</span> <span class='ocrx_word' id='word_1_209' title='bbox 761 2656 867 2730; x_wconf 80' lang='grc' dir='ltr'>μὲν</span> <span class='ocrx_word' id='word_1_210' title='bbox 897 2652 1069 2711; x_wconf 82' lang='grc' dir='ltr'>ἄλλοι</span> <span class='ocrx_word' id='word_1_211' title='bbox 1103 2653 1338 2730; x_wconf 89' lang='grc' dir='ltr'>πατέρες</span> <span class='ocrx_word' id='word_1_212' title='bbox 1373 2653 1625 2731; x_wconf 76' lang='grc' dir='ltr'>ἀνεβόων</span> <span class='ocrx_word' id='word_1_213' title='bbox 1649 2680 1712 2715; x_wconf 87' lang='grc' dir='ltr'>τε</span> <span class='ocrx_word' id='word_1_214' title='bbox 1740 2654 1833 2713; x_wconf 83' lang='grc' dir='ltr'>καὶ</span> 
     </span>
     <span class='ocr_line' id='line_1_31' title="bbox 226 2740 1832 2820; baseline 0.002 -20"><span class='ocrx_word' id='word_1_215' title='bbox 226 2741 575 2812; x_wconf 74' lang='grc' dir='ltr'>ἀντέκλαιον,</span> <span class='ocrx_word' id='word_1_216' title='bbox 630 2741 880 2818; x_wconf 79' lang='grc' dir='ltr'>ὁρέοντες</span> <span class='ocrx_word' id='word_1_217' title='bbox 930 2740 1003 2801; x_wconf 72' lang='grc' dir='ltr'>τὰ</span> <span class='ocrx_word' id='word_1_218' title='bbox 1048 2741 1215 2801; x_wconf 88' lang='grc' dir='ltr'>τέκνα</span> <span class='ocrx_word' id='word_1_219' title='bbox 1260 2743 1629 2820; x_wconf 81' lang='grc' dir='ltr'>κεκακωμένα·</span> <span class='ocrx_word' id='word_1_220' title='bbox 1695 2742 1728 2803; x_wconf 77' lang='grc' dir='ltr'><em>ὅ</em></span> <span class='ocrx_word' id='word_1_221' title='bbox 1773 2743 1832 2803; x_wconf 83' lang='grc' dir='ltr'>δὲ</span> 
     </span>
     <span class='ocr_line' id='line_1_32' title="bbox 226 2828 1835 2913; baseline 0.004 -27"><span class='ocrx_word' id='word_1_222' title='bbox 226 2828 597 2907; x_wconf 81' lang='grc' dir='ltr'>Ψαμμήνιτος</span> <span class='ocrx_word' id='word_1_223' title='bbox 634 2829 877 2908; x_wconf 72' lang='grc' dir='ltr'>προϊδών</span> <span class='ocrx_word' id='word_1_224' title='bbox 910 2829 1004 2889; x_wconf 84' lang='grc' dir='ltr'>καὶ</span> <span class='ocrx_word' id='word_1_225' title='bbox 1036 2829 1250 2905; x_wconf 72' lang='grc' dir='ltr'>μαθών,</span> <span class='ocrx_word' id='word_1_226' title='bbox 1292 2830 1458 2909; x_wconf 85' lang='grc' dir='ltr'>ἔκυψε</span> <span class='ocrx_word' id='word_1_227' title='bbox 1488 2837 1545 2895; x_wconf 91' lang='grc' dir='ltr'>ἐς</span> <span class='ocrx_word' id='word_1_228' title='bbox 1572 2831 1676 2908; x_wconf 84' lang='grc' dir='ltr'>τήν</span> <span class='ocrx_word' id='word_1_229' title='bbox 1704 2835 1835 2913; x_wconf 84' lang='grc' dir='ltr'>γῆν·</span> 
     </span>
     <span class='ocr_line' id='line_1_33' title="bbox 224 2916 1837 2998; baseline 0.004 -22"><span class='ocrx_word' id='word_1_230' title='bbox 224 2918 724 2996; x_wconf 80' lang='grc' dir='ltr'>παρεξελθουσέων</span> <span class='ocrx_word' id='word_1_231' title='bbox 755 2918 816 2977; x_wconf 83' lang='grc' dir='ltr'>δὲ</span> <span class='ocrx_word' id='word_1_232' title='bbox 854 2921 964 2978; x_wconf 79' lang='grc' dir='ltr'>τῶν</span> <span class='ocrx_word' id='word_1_233' title='bbox 1002 2916 1348 2997; x_wconf 76' lang='grc' dir='ltr'>ὑδροφόρων,</span> <span class='ocrx_word' id='word_1_234' title='bbox 1376 2917 1604 2998; x_wconf 86' lang='grc' dir='ltr'>δεύτερά</span> <span class='ocrx_word' id='word_1_235' title='bbox 1643 2923 1697 2979; x_wconf 77' lang='grc' dir='ltr'>οἱ</span> <span class='ocrx_word' id='word_1_236' title='bbox 1736 2922 1837 2982; x_wconf 78' lang='grc' dir='ltr'>τᾶν</span> 
     </span>
     <span class='ocr_line' id='line_1_34' title="bbox 225 3004 1837 3086; baseline 0.002 -21"><span class='ocrx_word' id='word_1_237' title='bbox 225 3006 406 3066; x_wconf 80' lang='grc' dir='ltr'>παῖδα</span> <span class='ocrx_word' id='word_1_238' title='bbox 441 3008 654 3084; x_wconf 78' lang='grc' dir='ltr'>ἔπεμπε</span> <span class='ocrx_word' id='word_1_239' title='bbox 686 3005 805 3083; x_wconf 85' lang='grc' dir='ltr'>μετ’</span> <span class='ocrx_word' id='word_1_240' title='bbox 832 3004 1025 3065; x_wconf 77' lang='grc' dir='ltr'>ἄλλων</span> <span class='ocrx_word' id='word_1_241' title='bbox 1057 3006 1373 3086; x_wconf 80' lang='grc' dir='ltr'>Αἰγυπτίων</span> <span class='ocrx_word' id='word_1_242' title='bbox 1414 3006 1706 3084; x_wconf 86' lang='grc' dir='ltr'>δισχιλίων</span> <span class='ocrx_word' id='word_1_243' title='bbox 1733 3008 1801 3085; x_wconf 74' lang='grc' dir='ltr'>τῆ</span> <span class='ocrx_word' id='word_1_244' title='bbox 1806 3037 1837 3069; x_wconf 93' lang='grc' dir='ltr'>ν</span> 
     </span>
     <span class='ocr_line' id='line_1_35' title="bbox 226 3090 1836 3173; baseline 0.001 -20"><span class='ocrx_word' id='word_1_245' title='bbox 226 3094 406 3170; x_wconf 70' lang='grc' dir='ltr'>αὐτὴν</span> <span class='ocrx_word' id='word_1_246' title='bbox 439 3094 666 3171; x_wconf 77' lang='grc' dir='ltr'>ἡλικίην</span> <span class='ocrx_word' id='word_1_247' title='bbox 700 3094 954 3173; x_wconf 87' lang='grc' dir='ltr'>ἐχόντων,</span> <span class='ocrx_word' id='word_1_248' title='bbox 980 3092 1113 3155; x_wconf 74' lang='grc' dir='ltr'>τοῦς</span> <span class='ocrx_word' id='word_1_249' title='bbox 1139 3117 1203 3152; x_wconf 91' lang='grc' dir='ltr'>τε</span> <span class='ocrx_word' id='word_1_250' title='bbox 1236 3090 1471 3171; x_wconf 78' lang='grc' dir='ltr'>αὐχένας</span> <span class='ocrx_word' id='word_1_251' title='bbox 1503 3093 1655 3173; x_wconf 76' lang='grc' dir='ltr'>κάλῳ</span> <span class='ocrx_word' id='word_1_252' title='bbox 1693 3095 1836 3155; x_wconf 81' lang='grc' dir='ltr'>δεδε·</span> 
     </span>
     <span class='ocr_line' id='line_1_36' title="bbox 223 3182 1836 3265; baseline 0 -22"><span class='ocrx_word' id='word_1_253' title='bbox 223 3184 430 3260; x_wconf 85' lang='grc' dir='ltr'>μένους</span> <span class='ocrx_word' id='word_1_254' title='bbox 463 3183 558 3242; x_wconf 85' lang='grc' dir='ltr'>καὶ</span> <span class='ocrx_word' id='word_1_255' title='bbox 590 3182 664 3242; x_wconf 84' lang='grc' dir='ltr'>τοὶ</span> <span class='ocrx_word' id='word_1_256' title='bbox 706 3182 966 3258; x_wconf 85' lang='grc' dir='ltr'>στόματα</span> <span class='ocrx_word' id='word_1_257' title='bbox 1006 3182 1560 3260; x_wconf 84' lang='grc' dir='ltr'>ἐγκεχαλινωμένους·</span> <span class='ocrx_word' id='word_1_258' title='bbox 1630 3182 1836 3265; x_wconf 80' lang='grc' dir='ltr'>ἅγοντο</span> 
     </span>
     <span class='ocr_line' id='line_1_37' title="bbox 224 3269 1837 3349; baseline 0 -18"><span class='ocrx_word' id='word_1_259' title='bbox 224 3271 291 3331; x_wconf 83' lang='grc' dir='ltr'>δὲ</span> <span class='ocrx_word' id='word_1_260' title='bbox 343 3269 548 3349; x_wconf 76' lang='grc' dir='ltr'>ποινήν</span> <span class='ocrx_word' id='word_1_261' title='bbox 598 3270 851 3333; x_wconf 86' lang='grc' dir='ltr'>τίσοντες</span> <span class='ocrx_word' id='word_1_262' title='bbox 893 3269 1289 3344; x_wconf 88' lang='grc' dir='ltr'>Μυτιληναίων</span> <span class='ocrx_word' id='word_1_263' title='bbox 1328 3272 1483 3330; x_wconf 82' lang='grc' dir='ltr'>τοῖσι</span> <span class='ocrx_word' id='word_1_264' title='bbox 1526 3271 1585 3330; x_wconf 88' lang='grc' dir='ltr'>ἐν</span> <span class='ocrx_word' id='word_1_265' title='bbox 1628 3273 1837 3347; x_wconf 81' lang='grc' dir='ltr'>Μέμφι,</span> 
     </span>
    </p>
   </div>
  </div>
 </body>
</html>
