2184 3517
269 80 562 166 155-139]
889 102 1346 153 ΜΕΛΠΟΜΕΝΗ.
1783 108 1879 155 335

269 185 464 245 θεοῖσί
500 210 564 243 τε
618 181 712 242 καὶ
750 180 1003 261 Σκύθῃσι
1045 181 1248 245 εἰδότες
1286 181 1470 261 χάριν·
1516 182 1618 243 τόν
1653 183 1712 243 δὲ
1747 185 1880 262 πρό-

265 291 434 350 τερον
473 272 633 332 ἐόντα
668 269 850 348 υμέων
884 269 1231 345 δεσπότηνε
1193 273 1378 348 ημεῖς.
1390 272 1881 350 παραστησόμεθα

269 386 329 420 οι
338 388 432 431 τω,
489 360 637 421 ὥστε
691 360 784 419 ἐπὶ
839 358 1130 437 μηδαμοῦς
1192 359 1273 418 ἔτι
1331 358 1655 437 ἀνθρωπους
1707 360 1879 422 αὐτὸν

269 449 754 528 στρατεύσασθαι.
755 446 786 467 ”

354 537 514 615 Προς
543 541 720 598 ταῦτα
747 539 801 596 οἱ
826 535 1012 600 Ἴωνες
1040 535 1432 613 ἐβουλεύοντο.
1515 538 1838 600 Μιλτιάδεω
1859 542 1973 601 137

267 630 375 705 μὲν
399 631 500 687 τοῦ
531 626 834 702 Ἀθηναίου
861 625 1305 705 στρατηγέοντος
1341 626 1433 684 καὶ
1457 627 1880 704 τυραννεύοντος

269 714 736 793 Χερσονησιτέων
786 717 897 774 τῶν
956 719 1015 774 ἐν
1071 713 1483 793 Ἑλλησπόντῳ
1535 713 1605 790 ἦν
1663 714 1875 796 γνώμη,

269 805 570 865 πείθεσθαι
599 801 850 881 Σκύθῃσι
871 802 963 861 καὶ
990 801 1319 878 ἐλευθεροῦν
1342 800 1570 877 Ἰωνίην·
1601 801 1872 862 Ἱστιαίου

269 892 332 952 δὲ
371 896 474 952 τοῦ
518 891 812 966 Μιλησίου
856 889 1072 964 ἐναντίη
1121 888 1313 968 ταύτῃ,
1358 890 1621 970 λέγοντος
1664 890 1735 953 ὥς
1782 894 1878 951 νῦν

268 984 374 1057 μὲν
415 979 506 1040 διαὶ
549 983 791 1057 Δαρεῖον
833 978 1066 1040 ἕκαστος
1098 977 1279 1037 αὐτῶν
1308 976 1622 1053 τυραννεύει
1652 976 1874 1042 πόλιος·

266 1073 372 1153 τῆς
414 1068 654 1145 Δαρείου
690 1067 749 1126 δὲ
782 1065 1041 1144 δυνάμιος
1074 1065 1506 1142 καταιρεθείσης,
1527 1091 1663 1127 ουτε
1704 1091 1872 1130 αυτος

268 1145 574 1232 Μιλησίων
610 1153 725 1218 οἷός
764 1179 828 1215 τε
872 1156 1032 1214 ἔσται
1074 1152 1264 1264 ἄρχειν
1300 1178 1426 1212 ουτε
1461 1152 1643 1224 ἄλλον
1680 1153 1877 1213 οῦδένα

269 1242 546 1321 ουδαμῶν·
603 1242 1003 1319 βουλήσεσθαι
1055 1268 1166 1321 γαρ
1221 1240 1462 1316 ἑκάστην
1507 1243 1618 1301 τῶν
1662 1241 1878 1301 πολίων

269 1331 763 1409 δημοκρατέεσθαι,
775 1333 1004 1406 μᾶλλον
1030 1329 1067 1406 ἢ
1092 1327 1540 1407 τυραννεύεσθαι.
1605 1327 1875 1389 Ἱστιαίου

268 1421 331 1479 δὲ
375 1420 602 1500 γνώμην
647 1417 855 1495 ταύτην
900 1417 1379 1495 ἀποδεικνυμένου,
1428 1416 1627 1477 αὐτίκα
1673 1416 1877 1480 πάντες

267 1506 421 1584 ἦσαν
464 1507 833 1585 τετραμμένοι
873 1505 1013 1583 πρὸς
1052 1505 1260 1582 ταύτην
1303 1505 1408 1581 τήν
1450 1504 1691 1585 γνώμην,
1740 1505 1876 1583 πρό-

266 1622 432 1673 τερον
465 1595 570 1673 τὴν
600 1593 922 1656 Μιλτιάδεω
962 1594 1289 1671 αἱρεόμενοι.
1344 1592 1547 1653 ’Hc-av
1583 1593 1643 1652 δὲ
1681 1590 1835 1654 οὗτοι
1856 1595 1971 1653 138

270 1687 325 1743 οἶ
352 1684 710 1762 διαφέροντές
742 1708 806 1743 τε
835 1682 940 1757 τήν
975 1686 1172 1760 ψῆφον
1206 1682 1297 1741 καὶ
1327 1681 1506 1744 ἐόντες
1531 1679 1709 1763 λ’όγου
1735 1682 1877 1759 πρὸς

266 1774 579 1848 βασιλῆος·
619 1770 1084 1846 Ἑλλησποντίων
1120 1772 1226 1848 μὲν
1254 1769 1527 1848 τ’·ύραννοι,
1557 1768 1778 1845 Δάφνις
1811 1794 1875 1828 τε

266 1859 601 1938 Ἀβυδηνὸς,
647 1860 739 1919 καὶ
773 1858 1086 1922 Ἵπποκλος
1130 1857 1528 1936 Λαμψακηνὸς,
1573 1857 1664 1915 καὶ
1707 1855 1874 1934 Ἡρό-

270 1954 486 2025 φαντος
533 1947 834 2025 Παριηνος,
879 1947 971 2005 καὶ
1018 1946 1393 2024 Μητρόδωρος
1434 1942 1874 2022 Προκοννήσιος,

270 2037 366 2096 καὶ
404 2035 814 2117 Ἀρισταγόρης
855 2033 1179 2110 Κυζικηνὸς,
1222 2035 1315 2092 καὶ
1353 2032 1629 2111 Ἀρίστων
1667 2032 1868 2104 Βυζάν

266 2151 406 2188 τιος·
466 2121 620 2185 οὗτοι
671 2126 775 2201 μὲν
826 2120 977 2199 ἦσαν
1029 2125 1083 2182 οἱ
1125 2121 1199 2204 ,ἐξ
1245 2119 1707 2196 Ελλησπόντουε
1780 2120 1876 2180 ἀπ’

266 2212 478 2288 Ἰωνίης
517 2213 592 2282 δὲ,
644 2210 913 2290 Στραττις
952 2237 1014 2271 τε
1061 2214 1219 2280 Χῖος,
1254 2209 1346 2268 καὶ
1387 2208 1599 2283 Αἰάκης
1646 2208 1873 2284 Σάμιος,

269 2301 364 2360 καὶ
415 2300 719 2378 Λαοδάμας
771 2298 1066 2368 Φωκαιευς,
1112 2298 1205 2357 καὶ
1255 2296 1522 2357 Ἱστιαῖος
1568 2294 1876 2370 Μιλήόιος,

270 2393 371 2448 τοῦ
406 2387 478 2464 ἦν
511 2388 705 2468 γνώμη
734 2386 773 2463 ἦ
808 2387 1145 2465 προκειμένη
1180 2386 1398 2461 ἐναντίη
1433 2386 1505 2461 τῇ
1533 2381 1875 2441 Μιλτιάδεω.

269 2477 523 2537 Αἰολέων
567 2476 628 2536 δὲ
678 2479 865 2553 παρῆν
916 2474 1155 2557 λόγιμος
1205 2475 1411 2551 μοῦνος
1463 2467 1874 2550 Ἀρισταγόρης

272 2569 550 2643 Κυμαῖος·

355 2650 594 2713 Ova-0⁶⁹
555 2679 629 2714 ων
655 2652 781 2713 ἐπεί
800 2677 863 2713 τε
887 2624 997 2730 τὴν.
1016 2650 1287 2712 Ἱστιαίου
1314 2648 1566 2726 αἱρέοντο
1592 2643 1837 2727 γνώμην,
1860 2645 1972 2702 139

270 2740 427 2811 ἔδοξέ
465 2746 578 2817 σφι
613 2767 755 2819 προς
787 2744 965 2802 ταῦτα
1000 2738 1199 2800 τάδε’
1170 2764 1306 2819 εργα
1333 2762 1397 2799 τε
1423 2735 1515 2795 καὶ
1540 2735 1675 2807 ἔπεα
1699 2757 1880 2811 προσ-

271 2830 469 2889 θεῖναι·
510 2833 612 2906 τῆς
637 2832 741 2908 μὲν
775 2828 1029 2910 γεφύρης
1059 2827 1215 2888 λύειν
1238 2827 1311 2886 τοὶ
1338 2824 1478 2885 κατὰ
1505 2847 1635 2885 τους
1662 2821 1882 2887 Σκύθας

270 2917 453 2988 ἐόντα,
500 2916 656 2978 λύειν
702 2918 763 2978 δὲ
809 2916 952 2978 ὅσον
990 2916 1235 2992 τόξευμα
1277 2913 1591 2984 ἐξικνέεται·
1651 2910 1741 2970 ἶνα
1788 2908 1882 2971 καὶ

268 3006 480 3065 ποιέειν
517 3031 573 3066 τι
614 3005 850 3066 δοκέωσι
888 3008 1172 3067 ποιεῦντες
1211 3002 1400 3080 μηδὲν,
1436 3000 1528 3059 καὶ
1569 3000 1624 3057 οἱ
1665 2996 1878 3061 Σκύθαι

267 3119 351 3170 μη
394 3093 670 3173 πειρώατο
716 3093 986 3171 βιώμενοι
1032 3093 1154 3174 [καὶ
1194 3086 1565 3169 βουλόμενοι]
1614 3086 1883 3161 διαβῆναι

268 3181 371 3243 τᾶν
406 3181 640 3260 Ἴστρον
683 3181 825 3243 κατὰ
863 3180 970 3258 τήν
986 3182 1278 3262 γέφυραν·
1329 3180 1501 3238 ειπεῖν
1539 3200 1603 3237 τε
1645 3172 1884 3234 λύοντας

269 3275 374 3347 τῆς
414 3270 663 3351 γεφύρης
703 3296 771 3332 το
813 3274 870 3333 ἐς
915 3269 1020 3346 τὴν
1069 3268 1347 3345 Σκυθικὴν
1391 3266 1537 3346 ἔχον,
1581 3288 1655 3327 ως
1699 3259 1882 3321 πάντα
