<?xml version="1.0" encoding="UTF-8"?>
<!DOCTYPE html PUBLIC "-//W3C//DTD XHTML 1.0 Transitional//EN"
    "http://www.w3.org/TR/xhtml1/DTD/xhtml1-transitional.dtd">
<html xmlns="http://www.w3.org/1999/xhtml" xml:lang="en" lang="en">
 <head>
  <title>
</title>
<meta http-equiv="Content-Type" content="text/html;charset=utf-8" />
  <meta name='ocr-system' content='tesseract 3.04.00' />
  <meta name='ocr-capabilities' content='ocr_page ocr_carea ocr_par ocr_line ocrx_word'/>
</head>
<body>
  <div class='ocr_page' id='page_1' title='image "./herodotus02unkngoog_0059.png"; bbox 0 0 2184 3517; ppageno 0'>
   <div class='ocr_carea' id='block_1_1' title="bbox 277 84 1958 1874">
    <p class='ocr_par' dir='ltr' id='par_1_1' title="bbox 277 84 1958 1874">
     <span class='ocr_line' id='line_1_1' title="bbox 278 84 1895 193; baseline 0.001 -15"><span class='ocrx_word' id='word_1_1' title='bbox 278 130 368 190; x_wconf 78' lang='lat'>85,</span> <span class='ocrx_word' id='word_1_2' title='bbox 394 128 484 193; x_wconf 83' lang='lat'>86]</span> <span class='ocrx_word' id='word_1_3' title='bbox 736 84 783 127; x_wconf 48' lang='grc' dir='ltr'><strong>ε</strong></span> <span class='ocrx_word' id='word_1_4' title='bbox 991 126 1218 178; x_wconf 69' lang='lat' dir='ltr'><strong>mmo.</strong></span> <span class='ocrx_word' id='word_1_5' title='bbox 1827 132 1895 179; x_wconf 80' lang='lat'>43</span> 
     </span>
     <span class='ocr_line' id='line_1_2' title="bbox 279 194 1896 287; baseline 0.002 -20"><span class='ocrx_word' id='word_1_6' title='bbox 279 207 495 287; x_wconf 79' lang='grc' dir='ltr'>πέδῃσι</span> <span class='ocrx_word' id='word_1_7' title='bbox 534 205 837 284; x_wconf 79' lang='grc' dir='ltr'>δεδεμένον,</span> <span class='ocrx_word' id='word_1_8' title='bbox 881 194 973 265; x_wconf 48' lang='lat' dir='ltr'>xa}</span> <span class='ocrx_word' id='word_1_9' title='bbox 1014 205 1097 269; x_wconf 81' lang='grc' dir='ltr'>δὶς</span> <span class='ocrx_word' id='word_1_10' title='bbox 1139 205 1279 266; x_wconf 82' lang='grc' dir='ltr'>ἐπτοὶ</span> <span class='ocrx_word' id='word_1_11' title='bbox 1317 206 1513 267; x_wconf 75' lang='grc' dir='ltr'>Λυδῶν</span> <span class='ocrx_word' id='word_1_12' title='bbox 1549 205 1682 285; x_wconf 79' lang='grc' dir='ltr'>παρ’</span> <span class='ocrx_word' id='word_1_13' title='bbox 1722 207 1896 269; x_wconf 81' lang='grc' dir='ltr'>αὖτὸν</span> 
     </span>
     <span class='ocr_line' id='line_1_3' title="bbox 277 293 1896 373; baseline 0.001 -18"><span class='ocrx_word' id='word_1_14' title='bbox 277 296 505 364; x_wconf 82' lang='grc' dir='ltr'>παῖδας,</span> <span class='ocrx_word' id='word_1_15' title='bbox 543 298 603 354; x_wconf 86' lang='grc' dir='ltr'>ἐν</span> <span class='ocrx_word' id='word_1_16' title='bbox 633 293 741 373; x_wconf 73' lang='grc' dir='ltr'>νόῳ</span> <span class='ocrx_word' id='word_1_17' title='bbox 773 294 912 372; x_wconf 79' lang='grc' dir='ltr'>ἔχων</span> <span class='ocrx_word' id='word_1_18' title='bbox 946 294 1056 354; x_wconf 82' lang='grc' dir='ltr'>εἴτε</span> <span class='ocrx_word' id='word_1_19' title='bbox 1092 293 1161 370; x_wconf 76' lang='grc' dir='ltr'>δὴ</span> <span class='ocrx_word' id='word_1_20' title='bbox 1196 294 1484 370; x_wconf 79' lang='grc' dir='ltr'>ἀκροθίνια</span> <span class='ocrx_word' id='word_1_21' title='bbox 1514 300 1693 355; x_wconf 82' lang='grc' dir='ltr'>ταῦτα</span> <span class='ocrx_word' id='word_1_22' title='bbox 1731 322 1896 356; x_wconf 89' lang='grc' dir='ltr'>κατα·-</span> 
     </span>
     <span class='ocr_line' id='line_1_4' title="bbox 278 381 1894 464; baseline 0.002 -23"><span class='ocrx_word' id='word_1_23' title='bbox 278 387 429 464; x_wconf 84' lang='grc' dir='ltr'>γιεῖν</span> <span class='ocrx_word' id='word_1_24' title='bbox 455 384 593 447; x_wconf 62' lang='grc' dir='ltr'>θςῶν</span> <span class='ocrx_word' id='word_1_25' title='bbox 620 381 754 460; x_wconf 75' lang='grc' dir='ltr'>ὅτεῳ</span> <span class='ocrx_word' id='word_1_26' title='bbox 781 382 867 457; x_wconf 75' lang='grc' dir='ltr'>δή,</span> <span class='ocrx_word' id='word_1_27' title='bbox 897 381 1005 442; x_wconf 81' lang='grc' dir='ltr'>εἴτε</span> <span class='ocrx_word' id='word_1_28' title='bbox 1033 382 1125 441; x_wconf 79' lang='grc' dir='ltr'>καὶ</span> <span class='ocrx_word' id='word_1_29' title='bbox 1154 382 1323 461; x_wconf 76' lang='grc' dir='ltr'>εὐχήν</span> <span class='ocrx_word' id='word_1_30' title='bbox 1351 383 1677 442; x_wconf 81' lang='grc' dir='ltr'>ἐπιτελέσαι</span> <span class='ocrx_word' id='word_1_31' title='bbox 1698 385 1894 446; x_wconf 80' lang='grc' dir='ltr'>θέλων·</span> 
     </span>
     <span class='ocr_line' id='line_1_5' title="bbox 280 469 1897 548; baseline 0.001 -18"><span class='ocrx_word' id='word_1_32' title='bbox 280 472 400 530; x_wconf 77' lang='grc' dir='ltr'>εἴτε</span> <span class='ocrx_word' id='word_1_33' title='bbox 455 471 546 533; x_wconf 82' lang='grc' dir='ltr'>καὶ</span> <span class='ocrx_word' id='word_1_34' title='bbox 596 469 907 545; x_wconf 88' lang='grc' dir='ltr'>πυθόμενος</span> <span class='ocrx_word' id='word_1_35' title='bbox 956 469 1060 531; x_wconf 76' lang='grc' dir='ltr'>τᾶν</span> <span class='ocrx_word' id='word_1_36' title='bbox 1113 475 1368 548; x_wconf 84' lang='grc' dir='ltr'>Κροῖσον</span> <span class='ocrx_word' id='word_1_37' title='bbox 1415 471 1554 531; x_wconf 81' lang='grc' dir='ltr'>εἶναι</span> <span class='ocrx_word' id='word_1_38' title='bbox 1602 471 1897 548; x_wconf 82' lang='grc' dir='ltr'>θεοσεβέα,</span> 
     </span>
     <span class='ocr_line' id='line_1_6' title="bbox 277 556 1899 637; baseline 0.001 -18"><span class='ocrx_word' id='word_1_39' title='bbox 277 558 452 619; x_wconf 79' lang='grc' dir='ltr'>τοῦδε</span> <span class='ocrx_word' id='word_1_40' title='bbox 485 558 687 618; x_wconf 81' lang='grc' dir='ltr'>εἵνεκεν</span> <span class='ocrx_word' id='word_1_41' title='bbox 717 556 1038 634; x_wconf 86' lang='grc' dir='ltr'>ἀνεβίβασε</span> <span class='ocrx_word' id='word_1_42' title='bbox 1071 559 1163 618; x_wconf 85' lang='grc' dir='ltr'>ἐπὶ</span> <span class='ocrx_word' id='word_1_43' title='bbox 1193 560 1298 634; x_wconf 83' lang='grc' dir='ltr'>τήν</span> <span class='ocrx_word' id='word_1_44' title='bbox 1333 560 1899 637; x_wconf 80' lang='grc' dir='ltr'>πυρήν·βουλόμενος</span> 
     </span>
     <span class='ocr_line' id='line_1_7' title="bbox 281 646 1901 724; baseline 0.001 -17"><span class='ocrx_word' id='word_1_45' title='bbox 281 646 490 707; x_wconf 77' lang='grc' dir='ltr'>εἰδέναι</span> <span class='ocrx_word' id='word_1_46' title='bbox 532 646 583 706; x_wconf 80' lang='grc' dir='ltr'>εἴ</span> <span class='ocrx_word' id='word_1_47' title='bbox 619 671 703 710; x_wconf 88' lang='grc' dir='ltr'>τις</span> <span class='ocrx_word' id='word_1_48' title='bbox 741 671 840 723; x_wconf 87' lang='grc' dir='ltr'>μιν</span> <span class='ocrx_word' id='word_1_49' title='bbox 879 646 1152 723; x_wconf 80' lang='grc' dir='ltr'>δαιμόνων</span> <span class='ocrx_word' id='word_1_50' title='bbox 1192 646 1421 724; x_wconf 83' lang='grc' dir='ltr'>ῥύσεται</span> <span class='ocrx_word' id='word_1_51' title='bbox 1460 652 1561 708; x_wconf 79' lang='grc' dir='ltr'>τοῦ</span> <span class='ocrx_word' id='word_1_52' title='bbox 1599 648 1681 724; x_wconf 77' lang='grc' dir='ltr'><em>μή</em></span> <span class='ocrx_word' id='word_1_53' title='bbox 1722 649 1901 720; x_wconf 78' lang='grc' dir='ltr'>ζῶντα</span> 
     </span>
     <span class='ocr_line' id='line_1_8' title="bbox 283 733 1900 816; baseline 0.001 -22"><span class='ocrx_word' id='word_1_54' title='bbox 283 736 722 811; x_wconf 85' lang='grc' dir='ltr'>κατακαυθῆναι.</span> <span class='ocrx_word' id='word_1_55' title='bbox 802 733 904 795; x_wconf 85' lang='grc' dir='ltr'>τόν</span> <span class='ocrx_word' id='word_1_56' title='bbox 941 737 1046 811; x_wconf 82' lang='grc' dir='ltr'>μὲν</span> <span class='ocrx_word' id='word_1_57' title='bbox 1094 734 1161 810; x_wconf 82' lang='grc' dir='ltr'>δὴ</span> <span class='ocrx_word' id='word_1_58' title='bbox 1214 736 1423 796; x_wconf 84' lang='grc' dir='ltr'>ποιέειν</span> <span class='ocrx_word' id='word_1_59' title='bbox 1462 739 1655 796; x_wconf 81' lang='grc' dir='ltr'>ταῦτα·</span> <span class='ocrx_word' id='word_1_60' title='bbox 1723 740 1802 816; x_wconf 77' lang='grc' dir='ltr'>τῷ</span> <span class='ocrx_word' id='word_1_61' title='bbox 1841 737 1900 796; x_wconf 80' lang='grc' dir='ltr'>δὲ</span> 
     </span>
     <span class='ocr_line' id='line_1_9' title="bbox 284 822 1899 902; baseline 0.002 -21"><span class='ocrx_word' id='word_1_62' title='bbox 284 823 525 902; x_wconf 79' lang='grc' dir='ltr'>Κροίσῳ</span> <span class='ocrx_word' id='word_1_63' title='bbox 553 826 782 883; x_wconf 81' lang='grc' dir='ltr'>ἑστεῶτι</span> <span class='ocrx_word' id='word_1_64' title='bbox 819 822 911 882; x_wconf 84' lang='grc' dir='ltr'>ἐπὶ</span> <span class='ocrx_word' id='word_1_65' title='bbox 939 826 1041 898; x_wconf 88' lang='grc' dir='ltr'>τῆς</span> <span class='ocrx_word' id='word_1_66' title='bbox 1073 826 1253 900; x_wconf 83' lang='grc' dir='ltr'>πυρῆς</span> <span class='ocrx_word' id='word_1_67' title='bbox 1290 824 1560 894; x_wconf 75' lang='grc' dir='ltr'>ἐσελθεῖν,</span> <span class='ocrx_word' id='word_1_68' title='bbox 1591 826 1687 884; x_wconf 89' lang='grc' dir='ltr'>καί</span> <span class='ocrx_word' id='word_1_69' title='bbox 1708 850 1813 902; x_wconf 90' lang='grc' dir='ltr'>περ</span> <span class='ocrx_word' id='word_1_70' title='bbox 1841 830 1899 884; x_wconf 87' lang='grc' dir='ltr'>ἐν</span> 
     </span>
     <span class='ocr_line' id='line_1_10' title="bbox 285 910 1958 991; baseline 0.001 -20"><span class='ocrx_word' id='word_1_71' title='bbox 285 915 443 991; x_wconf 77' lang='grc' dir='ltr'>κακῷ</span> <span class='ocrx_word' id='word_1_72' title='bbox 468 911 612 971; x_wconf 83' lang='grc' dir='ltr'>ἐόντι</span> <span class='ocrx_word' id='word_1_73' title='bbox 647 910 917 990; x_wconf 77' lang='grc' dir='ltr'>τοσούτῳ,</span> <span class='ocrx_word' id='word_1_74' title='bbox 954 912 1021 971; x_wconf 85' lang='grc' dir='ltr'>τό</span> <span class='ocrx_word' id='word_1_75' title='bbox 1054 915 1156 970; x_wconf 81' lang='grc' dir='ltr'>τοῦ</span> <span class='ocrx_word' id='word_1_76' title='bbox 1194 911 1466 982; x_wconf 84' lang='grc' dir='ltr'>Σόλωνος,</span> <span class='ocrx_word' id='word_1_77' title='bbox 1500 912 1571 976; x_wconf 81' lang='grc' dir='ltr'>ὥς</span> <span class='ocrx_word' id='word_1_78' title='bbox 1604 915 1658 972; x_wconf 79' lang='grc' dir='ltr'>οἱ</span> <span class='ocrx_word' id='word_1_79' title='bbox 1686 914 1770 989; x_wconf 81' lang='grc' dir='ltr'>εἴη</span> <span class='ocrx_word' id='word_1_80' title='bbox 1795 912 1902 972; x_wconf 78' lang='grc' dir='ltr'>σῦν</span> <span class='ocrx_word' id='word_1_81' title='bbox 1952 930 1958 935; x_wconf 83' lang='grc'><strong>’</strong></span> 
     </span>
     <span class='ocr_line' id='line_1_11' title="bbox 285 999 1901 1078; baseline 0.001 -18"><span class='ocrx_word' id='word_1_82' title='bbox 285 1000 403 1078; x_wconf 73' lang='grc' dir='ltr'>θεῷ</span> <span class='ocrx_word' id='word_1_83' title='bbox 429 1000 712 1077; x_wconf 81' lang='grc' dir='ltr'>εἰρημένον</span> <span class='ocrx_word' id='word_1_84' title='bbox 729 999 798 1060; x_wconf 82' lang='grc' dir='ltr'>τὸ</span> <span class='ocrx_word' id='word_1_85' title='bbox 816 1010 851 1036; x_wconf 86' lang='grc'><strong>“</strong></span> <span class='ocrx_word' id='word_1_86' title='bbox 856 1000 1070 1077; x_wconf 83' lang='grc' dir='ltr'>μηδένα</span> <span class='ocrx_word' id='word_1_87' title='bbox 1090 999 1229 1060; x_wconf 82' lang='grc' dir='ltr'>εἶναι</span> <span class='ocrx_word' id='word_1_88' title='bbox 1247 1004 1358 1060; x_wconf 78' lang='grc' dir='ltr'>τῶν</span> <span class='ocrx_word' id='word_1_89' title='bbox 1376 999 1624 1071; x_wconf 80' lang='grc' dir='ltr'>ζωόντων</span> <span class='ocrx_word' id='word_1_90' title='bbox 1644 999 1901 1077; x_wconf 81' lang='grc' dir='ltr'>ὅλβιον·”</span> 
     </span>
     <span class='ocr_line' id='line_1_12' title="bbox 285 1086 1900 1166; baseline 0.002 -21"><span class='ocrx_word' id='word_1_91' title='bbox 285 1086 368 1150; x_wconf 76' lang='grc' dir='ltr'>ὥς</span> <span class='ocrx_word' id='word_1_92' title='bbox 393 1087 454 1147; x_wconf 80' lang='grc' dir='ltr'>δὲ</span> <span class='ocrx_word' id='word_1_93' title='bbox 478 1087 586 1164; x_wconf 78' lang='grc' dir='ltr'>ἄρα</span> <span class='ocrx_word' id='word_1_94' title='bbox 604 1113 702 1165; x_wconf 91' lang='grc' dir='ltr'>μιν</span> <span class='ocrx_word' id='word_1_95' title='bbox 725 1092 1043 1166; x_wconf 84' lang='grc' dir='ltr'>προστῆναι</span> <span class='ocrx_word' id='word_1_96' title='bbox 1066 1092 1252 1158; x_wconf 79' lang='grc' dir='ltr'>τοῦτο,</span> <span class='ocrx_word' id='word_1_97' title='bbox 1275 1086 1693 1164; x_wconf 80' lang='grc' dir='ltr'>ἀνενεικάμενόν</span> <span class='ocrx_word' id='word_1_98' title='bbox 1718 1112 1780 1147; x_wconf 90' lang='grc' dir='ltr'>τε</span> <span class='ocrx_word' id='word_1_99' title='bbox 1807 1089 1900 1148; x_wconf 80' lang='grc' dir='ltr'>καὶ</span> 
     </span>
     <span class='ocr_line' id='line_1_13' title="bbox 285 1173 1902 1255; baseline 0.001 -21"><span class='ocrx_word' id='word_1_100' title='bbox 285 1173 743 1246; x_wconf 81' lang='grc' dir='ltr'>ἀναστενάξαντα</span> <span class='ocrx_word' id='word_1_101' title='bbox 769 1181 828 1235; x_wconf 80' lang='grc' dir='ltr'>ἐκ</span> <span class='ocrx_word' id='word_1_102' title='bbox 855 1179 1080 1253; x_wconf 80' lang='grc' dir='ltr'>πολλῆς</span> <span class='ocrx_word' id='word_1_103' title='bbox 1106 1175 1348 1255; x_wconf 75' lang='grc' dir='ltr'>ἡσυχίης</span> <span class='ocrx_word' id='word_1_104' title='bbox 1381 1181 1435 1239; x_wconf 87' lang='grc' dir='ltr'>ἐς</span> <span class='ocrx_word' id='word_1_105' title='bbox 1465 1177 1584 1253; x_wconf 88' lang='grc' dir='ltr'>τρὶς</span> <span class='ocrx_word' id='word_1_106' title='bbox 1621 1174 1902 1254; x_wconf 81' lang='grc' dir='ltr'>ὀνομάσαι</span> 
     </span>
     <span class='ocr_line' id='line_1_14' title="bbox 288 1258 1902 1340; baseline -0.001 -14"><span class='ocrx_word' id='word_1_107' title='bbox 288 1258 547 1326; x_wconf 78' lang='grc' dir='ltr'>Σόλωνα·</span> <span class='ocrx_word' id='word_1_108' title='bbox 589 1263 684 1323; x_wconf 88' lang='grc' dir='ltr'>καὶ</span> <span class='ocrx_word' id='word_1_109' title='bbox 722 1262 821 1324; x_wconf 78' lang='grc' dir='ltr'>τᾶν</span> <span class='ocrx_word' id='word_1_110' title='bbox 861 1266 1052 1340; x_wconf 83' lang='grc' dir='ltr'>Κῦρον</span> <span class='ocrx_word' id='word_1_111' title='bbox 1096 1262 1431 1333; x_wconf 84' lang='grc' dir='ltr'>ἀκούσαντα,</span> <span class='ocrx_word' id='word_1_112' title='bbox 1475 1267 1741 1322; x_wconf 85' lang='grc' dir='ltr'>κελεῦσαι</span> <span class='ocrx_word' id='word_1_113' title='bbox 1772 1262 1902 1326; x_wconf 79' lang='grc' dir='ltr'>τοῦς</span> 
     </span>
     <span class='ocr_line' id='line_1_15' title="bbox 290 1349 1904 1429; baseline 0.001 -21"><span class='ocrx_word' id='word_1_114' title='bbox 290 1353 562 1427; x_wconf 78' lang='grc' dir='ltr'>ἑρμηνέας</span> <span class='ocrx_word' id='word_1_115' title='bbox 603 1351 925 1429; x_wconf 88' lang='grc' dir='ltr'>ἐπείρεσθαι</span> <span class='ocrx_word' id='word_1_116' title='bbox 954 1349 1055 1410; x_wconf 59' lang='lat' dir='ltr'>vav</span> <span class='ocrx_word' id='word_1_117' title='bbox 1097 1355 1369 1428; x_wconf 80' lang='grc' dir='ltr'>Κροῖσον,</span> <span class='ocrx_word' id='word_1_118' title='bbox 1398 1351 1523 1411; x_wconf 90' lang='grc' dir='ltr'>τίνα</span> <span class='ocrx_word' id='word_1_119' title='bbox 1562 1355 1761 1411; x_wconf 85' lang='grc' dir='ltr'>τοῦτον</span> <span class='ocrx_word' id='word_1_120' title='bbox 1789 1356 1904 1411; x_wconf 85' lang='grc' dir='ltr'>ἐπι-</span> 
     </span>
     <span class='ocr_line' id='line_1_16' title="bbox 289 1439 1903 1517; baseline 0.001 -19"><span class='ocrx_word' id='word_1_121' title='bbox 289 1439 580 1509; x_wconf 84' lang='grc' dir='ltr'>καλέοιτο;</span> <span class='ocrx_word' id='word_1_122' title='bbox 611 1439 702 1499; x_wconf 85' lang='grc' dir='ltr'>καὶ</span> <span class='ocrx_word' id='word_1_123' title='bbox 720 1439 851 1503; x_wconf 77' lang='grc' dir='ltr'>τούς</span> <span class='ocrx_word' id='word_1_124' title='bbox 869 1439 1293 1516; x_wconf 83' lang='grc' dir='ltr'>προσελθόντας</span> <span class='ocrx_word' id='word_1_125' title='bbox 1313 1444 1628 1516; x_wconf 77' lang='grc' dir='ltr'>ἐπειρωτᾶν,</span> <span class='ocrx_word' id='word_1_126' title='bbox 1648 1444 1903 1517; x_wconf 84' lang='grc' dir='ltr'>Κροῖσον</span> 
     </span>
     <span class='ocr_line' id='line_1_17' title="bbox 289 1527 1905 1609; baseline 0 -22"><span class='ocrx_word' id='word_1_127' title='bbox 289 1527 360 1587; x_wconf 77' lang='grc' dir='ltr'>δὲ</span> <span class='ocrx_word' id='word_1_128' title='bbox 396 1529 530 1591; x_wconf 88' lang='grc' dir='ltr'>τέως</span> <span class='ocrx_word' id='word_1_129' title='bbox 565 1531 671 1605; x_wconf 82' lang='grc' dir='ltr'>μὲν</span> <span class='ocrx_word' id='word_1_130' title='bbox 711 1528 885 1609; x_wconf 77' lang='grc' dir='ltr'>σιγὴν</span> <span class='ocrx_word' id='word_1_131' title='bbox 926 1528 1072 1607; x_wconf 83' lang='grc' dir='ltr'>ἔχειν</span> <span class='ocrx_word' id='word_1_132' title='bbox 1113 1527 1505 1604; x_wconf 78' lang='grc' dir='ltr'>ἐρωτεῶμενον,</span> <span class='ocrx_word' id='word_1_133' title='bbox 1533 1527 1676 1606; x_wconf 84' lang='grc' dir='ltr'>μετοὶ</span> <span class='ocrx_word' id='word_1_134' title='bbox 1716 1529 1791 1598; x_wconf 81' lang='grc' dir='ltr'>δὲ,</span> <span class='ocrx_word' id='word_1_135' title='bbox 1835 1528 1905 1592; x_wconf 76' lang='grc' dir='ltr'>ὥς</span> 
     </span>
     <span class='ocr_line' id='line_1_18' title="bbox 286 1614 1905 1697; baseline 0.001 -23"><span class='ocrx_word' id='word_1_136' title='bbox 286 1614 652 1695; x_wconf 78' lang='grc' dir='ltr'>ἠναγκάζετο,</span> <span class='ocrx_word' id='word_1_137' title='bbox 709 1620 900 1676; x_wconf 82' lang='grc' dir='ltr'>εἰπεῖν·</span> <span class='ocrx_word' id='word_1_138' title='bbox 944 1616 1085 1676; x_wconf 84' lang='grc' dir='ltr'>“τόν</span> <span class='ocrx_word' id='word_1_139' title='bbox 1125 1614 1194 1676; x_wconf 83' lang='grc' dir='ltr'>ἂν</span> <span class='ocrx_word' id='word_1_140' title='bbox 1234 1615 1343 1697; x_wconf 73' lang='grc' dir='ltr'>ἐγώ</span> <span class='ocrx_word' id='word_1_141' title='bbox 1383 1620 1530 1676; x_wconf 70' lang='grc' dir='ltr'>πᾶσι</span> <span class='ocrx_word' id='word_1_142' title='bbox 1582 1616 1905 1693; x_wconf 82' lang='grc' dir='ltr'>τυράννοισι</span> 
     </span>
     <span class='ocr_line' id='line_1_19' title="bbox 287 1702 1906 1786; baseline 0.001 -24"><span class='ocrx_word' id='word_1_143' title='bbox 287 1704 650 1781; x_wconf 83' lang='grc' dir='ltr'>προετίμησα</span> <span class='ocrx_word' id='word_1_144' title='bbox 689 1703 952 1786; x_wconf 81' lang='grc' dir='ltr'>μεγάλων</span> <span class='ocrx_word' id='word_1_145' title='bbox 990 1703 1291 1782; x_wconf 79' lang='grc' dir='ltr'>χρημάτων</span> <span class='ocrx_word' id='word_1_146' title='bbox 1331 1708 1387 1768; x_wconf 85' lang='grc' dir='ltr'>ἐς</span> <span class='ocrx_word' id='word_1_147' title='bbox 1426 1705 1631 1786; x_wconf 80' lang='grc' dir='ltr'>λόγους</span> <span class='ocrx_word' id='word_1_148' title='bbox 1672 1702 1906 1765; x_wconf 84' lang='grc' dir='ltr'>ἐλθεῖν.”</span> 
     </span>
     <span class='ocr_line' id='line_1_20' title="bbox 292 1790 1905 1874; baseline 0.001 -24"><span class='ocrx_word' id='word_1_149' title='bbox 292 1790 371 1855; x_wconf 78' lang='grc' dir='ltr'>ὥς</span> <span class='ocrx_word' id='word_1_150' title='bbox 395 1791 460 1851; x_wconf 82' lang='grc' dir='ltr'>δέ</span> <span class='ocrx_word' id='word_1_151' title='bbox 481 1799 594 1868; x_wconf 85' lang='grc' dir='ltr'>σφι</span> <span class='ocrx_word' id='word_1_152' title='bbox 618 1792 817 1870; x_wconf 77' lang='grc' dir='ltr'>ἄσημα</span> <span class='ocrx_word' id='word_1_153' title='bbox 843 1793 1064 1869; x_wconf 83' lang='grc' dir='ltr'>ἔφραζε,</span> <span class='ocrx_word' id='word_1_154' title='bbox 1091 1791 1270 1852; x_wconf 78' lang='grc' dir='ltr'>πάλιν</span> <span class='ocrx_word' id='word_1_155' title='bbox 1294 1793 1619 1870; x_wconf 80' lang='grc' dir='ltr'>ἐπειρώτεον</span> <span class='ocrx_word' id='word_1_156' title='bbox 1643 1792 1715 1852; x_wconf 70' lang='grc' dir='ltr'>τοῖ</span> <span class='ocrx_word' id='word_1_157' title='bbox 1742 1791 1905 1874; x_wconf 83' lang='grc' dir='ltr'>λεγό-</span> 
     </span>
    </p>
   </div>
   <div class='ocr_carea' id='block_1_2' title="bbox 214 1879 1902 1959">
    <p class='ocr_par' dir='ltr' id='par_1_2' title="bbox 214 1879 1902 1959">
     <span class='ocr_line' id='line_1_21' title="bbox 214 1879 1902 1959; baseline 0 -20"><span class='ocrx_word' id='word_1_158' title='bbox 214 1946 229 1957; x_wconf 54' lang='lat'><strong>·</strong></span> <span class='ocrx_word' id='word_1_159' title='bbox 289 1904 457 1958; x_wconf 82' lang='grc' dir='ltr'>μενα.</span> <span class='ocrx_word' id='word_1_160' title='bbox 538 1880 915 1958; x_wconf 87' lang='grc' dir='ltr'>λιπαρεόντων</span> <span class='ocrx_word' id='word_1_161' title='bbox 941 1880 1001 1939; x_wconf 85' lang='grc' dir='ltr'>δὲ</span> <span class='ocrx_word' id='word_1_162' title='bbox 1022 1879 1202 1941; x_wconf 75' lang='grc' dir='ltr'>αὐτῶν</span> <span class='ocrx_word' id='word_1_163' title='bbox 1223 1881 1314 1939; x_wconf 82' lang='grc' dir='ltr'>καὶ</span> <span class='ocrx_word' id='word_1_164' title='bbox 1333 1880 1512 1959; x_wconf 82' lang='grc' dir='ltr'>ὄχλον</span> <span class='ocrx_word' id='word_1_165' title='bbox 1531 1879 1902 1959; x_wconf 82' lang='grc' dir='ltr'>παρεχόντων,</span> 
     </span>
    </p>
   </div>
   <div class='ocr_carea' id='block_1_3' title="bbox 293 1967 1925 3367">
    <p class='ocr_par' dir='ltr' id='par_1_3' title="bbox 293 1967 1925 3367">
     <span class='ocr_line' id='line_1_22' title="bbox 294 1967 1904 2049; baseline 0.003 -22"><span class='ocrx_word' id='word_1_166' title='bbox 294 1969 460 2049; x_wconf 83' lang='grc' dir='ltr'>ἔλεγε</span> <span class='ocrx_word' id='word_1_167' title='bbox 499 1967 587 2043; x_wconf 76' lang='grc' dir='ltr'>δή,</span> <span class='ocrx_word' id='word_1_168' title='bbox 631 1968 702 2033; x_wconf 78' lang='grc' dir='ltr'>ὥς</span> <span class='ocrx_word' id='word_1_169' title='bbox 739 1968 884 2045; x_wconf 85' lang='grc' dir='ltr'>ἦλθε</span> <span class='ocrx_word' id='word_1_170' title='bbox 924 1967 1106 2047; x_wconf 76' lang='grc' dir='ltr'>ἀρχὴν</span> <span class='ocrx_word' id='word_1_171' title='bbox 1145 1967 1179 2028; x_wconf 76' lang='grc' dir='ltr'>ὅ</span> <span class='ocrx_word' id='word_1_172' title='bbox 1222 1968 1432 2039; x_wconf 84' lang='grc' dir='ltr'>Σόλων,</span> <span class='ocrx_word' id='word_1_173' title='bbox 1463 1968 1564 2029; x_wconf 78' lang='grc' dir='ltr'>ε’ὣν</span> <span class='ocrx_word' id='word_1_174' title='bbox 1593 1968 1904 2045; x_wconf 80' lang='grc' dir='ltr'>Ἀθηναῖος,</span> 
     </span>
     <span class='ocr_line' id='line_1_23' title="bbox 296 2056 1905 2139; baseline 0 -24"><span class='ocrx_word' id='word_1_175' title='bbox 296 2057 393 2115; x_wconf 84' lang='grc' dir='ltr'>καὶ</span> <span class='ocrx_word' id='word_1_176' title='bbox 421 2057 763 2134; x_wconf 83' lang='grc' dir='ltr'>θεησάμενος</span> <span class='ocrx_word' id='word_1_177' title='bbox 793 2057 978 2139; x_wconf 79' lang='grc' dir='ltr'>πάντα</span> <span class='ocrx_word' id='word_1_178' title='bbox 1013 2057 1115 2117; x_wconf 83' lang='grc' dir='ltr'>τόν</span> <span class='ocrx_word' id='word_1_179' title='bbox 1134 2060 1352 2117; x_wconf 72' lang='grc' dir='ltr'>ἑωυτοῦ</span> <span class='ocrx_word' id='word_1_180' title='bbox 1387 2056 1572 2134; x_wconf 80' lang='grc' dir='ltr'>ὄλβον</span> <span class='ocrx_word' id='word_1_181' title='bbox 1606 2057 1905 2133; x_wconf 85' lang='grc' dir='ltr'>ἀποφλαυ-</span> 
     </span>
     <span class='ocr_line' id='line_1_24' title="bbox 293 2143 1909 2223; baseline 0 -20"><span class='ocrx_word' id='word_1_182' title='bbox 293 2145 492 2222; x_wconf 88' lang='grc' dir='ltr'>ρίσειε,</span> <span class='ocrx_word' id='word_1_183' title='bbox 522 2145 613 2204; x_wconf 80' lang='grc' dir='ltr'>οἷα</span> <span class='ocrx_word' id='word_1_184' title='bbox 639 2146 707 2222; x_wconf 78' lang='grc' dir='ltr'>δή</span> <span class='ocrx_word' id='word_1_185' title='bbox 735 2146 910 2209; x_wconf 79' lang='grc' dir='ltr'>εἴπας·</span> <span class='ocrx_word' id='word_1_186' title='bbox 949 2145 1019 2209; x_wconf 77' lang='grc' dir='ltr'>ὥς</span> <span class='ocrx_word' id='word_1_187' title='bbox 1052 2171 1116 2204; x_wconf 82' lang='grc' dir='ltr'>τε</span> <span class='ocrx_word' id='word_1_188' title='bbox 1153 2145 1298 2223; x_wconf 74' lang='grc' dir='ltr'>αὐτῷ</span> <span class='ocrx_word' id='word_1_189' title='bbox 1332 2143 1517 2205; x_wconf 74' lang='grc' dir='ltr'>πάντα</span> <span class='ocrx_word' id='word_1_190' title='bbox 1549 2144 1909 2221; x_wconf 76' lang='grc' dir='ltr'>ἀποβεβήκοι</span> 
     </span>
     <span class='ocr_line' id='line_1_25' title="bbox 294 2233 1910 2314; baseline 0.001 -23"><span class='ocrx_word' id='word_1_191' title='bbox 294 2237 476 2311; x_wconf 83' lang='grc' dir='ltr'>τῇπερ</span> <span class='ocrx_word' id='word_1_192' title='bbox 503 2238 708 2299; x_wconf 84' lang='grc' dir='ltr'>ἐκεῖνος</span> <span class='ocrx_word' id='word_1_193' title='bbox 735 2234 871 2304; x_wconf 82' lang='grc' dir='ltr'>εἶπε,</span> <span class='ocrx_word' id='word_1_194' title='bbox 900 2233 1059 2295; x_wconf 77' lang='grc' dir='ltr'>οὐδέν</span> <span class='ocrx_word' id='word_1_195' title='bbox 1082 2259 1139 2293; x_wconf 88' lang='grc' dir='ltr'>τι</span> <span class='ocrx_word' id='word_1_196' title='bbox 1164 2236 1392 2311; x_wconf 78' lang='grc' dir='ltr'>μᾶλλον</span> <span class='ocrx_word' id='word_1_197' title='bbox 1420 2238 1474 2297; x_wconf 78' lang='grc' dir='ltr'>ἐς</span> <span class='ocrx_word' id='word_1_198' title='bbox 1506 2233 1704 2293; x_wconf 79' lang='grc' dir='ltr'>ἔωυτόν</span> <span class='ocrx_word' id='word_1_199' title='bbox 1729 2233 1910 2314; x_wconf 87' lang='grc' dir='ltr'>λέγων</span> 
     </span>
     <span class='ocr_line' id='line_1_26' title="bbox 297 2320 1912 2400; baseline -0.002 -19"><span class='ocrx_word' id='word_1_200' title='bbox 297 2320 340 2397; x_wconf 85' lang='grc' dir='ltr'>ἦ</span> <span class='ocrx_word' id='word_1_201' title='bbox 383 2328 438 2385; x_wconf 87' lang='grc' dir='ltr'>ἐς</span> <span class='ocrx_word' id='word_1_202' title='bbox 472 2320 624 2383; x_wconf 78' lang='grc' dir='ltr'>ἅπαν</span> <span class='ocrx_word' id='word_1_203' title='bbox 652 2323 720 2383; x_wconf 82' lang='grc' dir='ltr'>τὸ</span> <span class='ocrx_word' id='word_1_204' title='bbox 759 2321 1121 2400; x_wconf 79' lang='grc' dir='ltr'>ἀνθρώπινον,</span> <span class='ocrx_word' id='word_1_205' title='bbox 1164 2321 1257 2380; x_wconf 84' lang='grc' dir='ltr'>καὶ</span> <span class='ocrx_word' id='word_1_206' title='bbox 1295 2321 1553 2399; x_wconf 81' lang='grc' dir='ltr'>μάλιστα</span> <span class='ocrx_word' id='word_1_207' title='bbox 1589 2321 1719 2384; x_wconf 76' lang='grc' dir='ltr'>τούς</span> <span class='ocrx_word' id='word_1_208' title='bbox 1759 2320 1912 2397; x_wconf 72' lang='grc' dir='ltr'>παρὰ</span> 
     </span>
     <span class='ocr_line' id='line_1_27' title="bbox 298 2406 1911 2487; baseline -0.002 -17"><span class='ocrx_word' id='word_1_209' title='bbox 298 2411 481 2487; x_wconf 88' lang='grc' dir='ltr'>σφίσι</span> <span class='ocrx_word' id='word_1_210' title='bbox 528 2409 751 2471; x_wconf 76' lang='grc' dir='ltr'>αὐτοῖσι</span> <span class='ocrx_word' id='word_1_211' title='bbox 796 2411 1086 2474; x_wconf 88' lang='grc' dir='ltr'>δοκέοντας</span> <span class='ocrx_word' id='word_1_212' title='bbox 1133 2409 1370 2486; x_wconf 82' lang='grc' dir='ltr'>ὀλβίους</span> <span class='ocrx_word' id='word_1_213' title='bbox 1422 2409 1579 2469; x_wconf 78' lang='grc' dir='ltr'>εἶναι.</span> <span class='ocrx_word' id='word_1_214' title='bbox 1662 2406 1762 2475; x_wconf 72' lang='grc' dir='ltr'>τόν</span> <span class='ocrx_word' id='word_1_215' title='bbox 1807 2410 1911 2483; x_wconf 79' lang='grc' dir='ltr'>μὲν</span> 
     </span>
     <span class='ocr_line' id='line_1_28' title="bbox 302 2495 1912 2607; baseline -0.002 -49"><span class='ocrx_word' id='word_1_216' title='bbox 302 2502 562 2576; x_wconf 83' lang='grc' dir='ltr'>Κροῖσον</span> <span class='ocrx_word' id='word_1_217' title='bbox 616 2505 795 2560; x_wconf 79' lang='grc' dir='ltr'>ταῦτα</span> <span class='ocrx_word' id='word_1_218' title='bbox 855 2498 1222 2581; x_wconf 77' lang='grc' dir='ltr'>ἀπηγέεσθαι,</span> <span class='ocrx_word' id='word_1_219' title='bbox 1277 2502 1379 2574; x_wconf 84' lang='grc' dir='ltr'>τῆς</span> <span class='ocrx_word' id='word_1_220' title='bbox 1446 2497 1506 2557; x_wconf 86' lang='grc' dir='ltr'>δὲ</span> <span class='ocrx_word' id='word_1_221' title='bbox 1562 2500 1740 2607; x_wconf 84' lang='grc' dir='ltr'>πυρῆς</span> <span class='ocrx_word' id='word_1_222' title='bbox 1804 2495 1912 2572; x_wconf 86' lang='grc' dir='ltr'>ἤδη</span> 
     </span>
     <span class='ocr_line' id='line_1_29' title="bbox 301 2584 1914 2666; baseline -0.001 -20"><span class='ocrx_word' id='word_1_223' title='bbox 301 2586 554 2665; x_wconf 72' lang='grc' dir='ltr'>ἁμμένης</span> <span class='ocrx_word' id='word_1_224' title='bbox 601 2588 859 2648; x_wconf 82' lang='grc' dir='ltr'>καίεσθαι</span> <span class='ocrx_word' id='word_1_225' title='bbox 902 2587 975 2647; x_wconf 81' lang='grc' dir='ltr'>τοὶ</span> <span class='ocrx_word' id='word_1_226' title='bbox 1023 2587 1389 2666; x_wconf 87' lang='grc' dir='ltr'>περιέσχατα·</span> <span class='ocrx_word' id='word_1_227' title='bbox 1445 2584 1539 2645; x_wconf 88' lang='grc' dir='ltr'>καὶ</span> <span class='ocrx_word' id='word_1_228' title='bbox 1582 2584 1682 2646; x_wconf 81' lang='grc' dir='ltr'>τόν</span> <span class='ocrx_word' id='word_1_229' title='bbox 1723 2588 1914 2662; x_wconf 81' lang='grc' dir='ltr'>Κῦρον</span> 
     </span>
     <span class='ocr_line' id='line_1_30' title="bbox 302 2672 1917 2755; baseline -0.002 -20"><span class='ocrx_word' id='word_1_230' title='bbox 302 2674 626 2735; x_wconf 85' lang='grc' dir='ltr'>ἀκουσαντα</span> <span class='ocrx_word' id='word_1_231' title='bbox 640 2680 751 2736; x_wconf 79' lang='grc' dir='ltr'>τῶν</span> <span class='ocrx_word' id='word_1_232' title='bbox 768 2677 1040 2753; x_wconf 77' lang='grc' dir='ltr'>ἑρμηνέων</span> <span class='ocrx_word' id='word_1_233' title='bbox 1053 2675 1127 2736; x_wconf 83' lang='grc' dir='ltr'>τοὶ</span> <span class='ocrx_word' id='word_1_234' title='bbox 1143 2674 1262 2734; x_wconf 82' lang='grc' dir='ltr'>εἶπε</span> <span class='ocrx_word' id='word_1_235' title='bbox 1279 2677 1547 2751; x_wconf 84' lang='grc' dir='ltr'>Κροῖσος,</span> <span class='ocrx_word' id='word_1_236' title='bbox 1568 2672 1917 2755; x_wconf 85' lang='grc' dir='ltr'>μεταγνόντα</span> 
     </span>
     <span class='ocr_line' id='line_1_31' title="bbox 301 2760 1919 2840; baseline -0.002 -17"><span class='ocrx_word' id='word_1_237' title='bbox 301 2788 367 2823; x_wconf 85' lang='grc' dir='ltr'>τε</span> <span class='ocrx_word' id='word_1_238' title='bbox 393 2764 489 2823; x_wconf 82' lang='grc' dir='ltr'>καὶ</span> <span class='ocrx_word' id='word_1_239' title='bbox 516 2763 831 2825; x_wconf 89' lang='grc' dir='ltr'>ἐννωσαντα</span> <span class='ocrx_word' id='word_1_240' title='bbox 858 2763 944 2824; x_wconf 83' lang='grc' dir='ltr'>ὅτι</span> <span class='ocrx_word' id='word_1_241' title='bbox 970 2763 1063 2822; x_wconf 82' lang='grc' dir='ltr'>καὶ</span> <span class='ocrx_word' id='word_1_242' title='bbox 1088 2762 1255 2826; x_wconf 82' lang='grc' dir='ltr'>αὖτὸς</span> <span class='ocrx_word' id='word_1_243' title='bbox 1285 2761 1628 2840; x_wconf 75' lang='grc' dir='ltr'>ἄνθρωπος’</span> <span class='ocrx_word' id='word_1_244' title='bbox 1602 2788 1706 2822; x_wconf 89' lang='grc' dir='ltr'>εων</span> <span class='ocrx_word' id='word_1_245' title='bbox 1735 2760 1919 2821; x_wconf 87' lang='grc' dir='ltr'>αλλον</span> 
     </span>
     <span class='ocr_line' id='line_1_32' title="bbox 305 2848 1918 2933; baseline -0.002 -22"><span class='ocrx_word' id='word_1_246' title='bbox 305 2849 602 2929; x_wconf 75' lang='grc' dir='ltr'>ἄνθρωπον</span> <span class='ocrx_word' id='word_1_247' title='bbox 629 2851 929 2933; x_wconf 83' lang='grc' dir='ltr'>γενόμενον</span> <span class='ocrx_word' id='word_1_248' title='bbox 966 2854 1168 2910; x_wconf 78' lang='grc' dir='ltr'>ἑωυτοῦ</span> <span class='ocrx_word' id='word_1_249' title='bbox 1204 2849 1518 2929; x_wconf 77' lang='grc' dir='ltr'>εὐδαιμονίῃ</span> <span class='ocrx_word' id='word_1_250' title='bbox 1554 2849 1654 2910; x_wconf 75' lang='grc' dir='ltr'>οὔκ</span> <span class='ocrx_word' id='word_1_251' title='bbox 1686 2848 1918 2908; x_wconf 80' lang='grc' dir='ltr'>ἐλάσσω</span> 
     </span>
     <span class='ocr_line' id='line_1_33' title="bbox 307 2936 1919 3017; baseline -0.001 -19"><span class='ocrx_word' id='word_1_252' title='bbox 307 2938 520 3010; x_wconf 79' lang='grc' dir='ltr'>ζώοντα</span> <span class='ocrx_word' id='word_1_253' title='bbox 549 2940 687 3017; x_wconf 73' lang='grc' dir='ltr'>πυρὶ</span> <span class='ocrx_word' id='word_1_254' title='bbox 719 2939 915 3015; x_wconf 81' lang='grc' dir='ltr'>διδοίη,</span> <span class='ocrx_word' id='word_1_255' title='bbox 953 2938 1095 3016; x_wconf 87' lang='grc' dir='ltr'>πρός</span> <span class='ocrx_word' id='word_1_256' title='bbox 1134 2963 1197 2998; x_wconf 90' lang='grc' dir='ltr'>τε</span> <span class='ocrx_word' id='word_1_257' title='bbox 1229 2938 1499 3008; x_wconf 83' lang='grc' dir='ltr'>τούτοισι,</span> <span class='ocrx_word' id='word_1_258' title='bbox 1528 2938 1789 2996; x_wconf 88' lang='grc' dir='ltr'>δείσαντα</span> <span class='ocrx_word' id='word_1_259' title='bbox 1814 2936 1919 3012; x_wconf 75' lang='grc' dir='ltr'>τὴν</span> 
     </span>
     <span class='ocr_line' id='line_1_34' title="bbox 304 3022 1919 3104; baseline -0.002 -18"><span class='ocrx_word' id='word_1_260' title='bbox 304 3027 460 3088; x_wconf 84' lang='grc' dir='ltr'>τίσιν</span> <span class='ocrx_word' id='word_1_261' title='bbox 475 3027 569 3086; x_wconf 82' lang='grc' dir='ltr'>καὶ</span> <span class='ocrx_word' id='word_1_262' title='bbox 590 3027 986 3104; x_wconf 81' lang='grc' dir='ltr'>ἐπιλεξάμενον</span> <span class='ocrx_word' id='word_1_263' title='bbox 1003 3027 1072 3089; x_wconf 80' lang='grc' dir='ltr'>ὦς</span> <span class='ocrx_word' id='word_1_264' title='bbox 1092 3025 1250 3085; x_wconf 72' lang='grc' dir='ltr'>οὐδὲν</span> <span class='ocrx_word' id='word_1_265' title='bbox 1269 3026 1351 3100; x_wconf 84' lang='grc' dir='ltr'>εἴη</span> <span class='ocrx_word' id='word_1_266' title='bbox 1367 3029 1477 3085; x_wconf 81' lang='grc' dir='ltr'>τῶν</span> <span class='ocrx_word' id='word_1_267' title='bbox 1496 3031 1553 3085; x_wconf 88' lang='grc' dir='ltr'>ἐν</span> <span class='ocrx_word' id='word_1_268' title='bbox 1574 3022 1919 3100; x_wconf 73' lang='grc' dir='ltr'>ἀνθρώποισι</span> 
     </span>
     <span class='ocr_line' id='line_1_35' title="bbox 310 3111 1920 3194; baseline -0.003 -18"><span class='ocrx_word' id='word_1_269' title='bbox 310 3113 620 3192; x_wconf 79' lang='grc' dir='ltr'>ἀσφαλέως</span> <span class='ocrx_word' id='word_1_270' title='bbox 647 3118 792 3194; x_wconf 81' lang='grc' dir='ltr'>ἔχον,</span> <span class='ocrx_word' id='word_1_271' title='bbox 822 3115 1064 3174; x_wconf 88' lang='grc' dir='ltr'>κελεύειν</span> <span class='ocrx_word' id='word_1_272' title='bbox 1091 3113 1397 3189; x_wconf 84' lang='grc' dir='ltr'>σβεννύναι</span> <span class='ocrx_word' id='word_1_273' title='bbox 1421 3113 1527 3187; x_wconf 84' lang='grc' dir='ltr'>τήν</span> <span class='ocrx_word' id='word_1_274' title='bbox 1550 3111 1828 3190; x_wconf 86' lang='grc' dir='ltr'>ταχίστην</span> <span class='ocrx_word' id='word_1_275' title='bbox 1852 3111 1920 3171; x_wconf 83' lang='grc' dir='ltr'><em>τό</em></span> 
     </span>
     <span class='ocr_line' id='line_1_36' title="bbox 312 3197 1923 3282; baseline -0.006 -17"><span class='ocrx_word' id='word_1_276' title='bbox 312 3202 607 3282; x_wconf 81' lang='grc' dir='ltr'>καιόμενον</span> <span class='ocrx_word' id='word_1_277' title='bbox 657 3207 786 3280; x_wconf 84' lang='grc' dir='ltr'>πῦρ,</span> <span class='ocrx_word' id='word_1_278' title='bbox 843 3201 937 3261; x_wconf 84' lang='grc' dir='ltr'>καὶ</span> <span class='ocrx_word' id='word_1_279' title='bbox 978 3198 1385 3276; x_wconf 81' lang='grc' dir='ltr'>καταβιβάζειν</span> <span class='ocrx_word' id='word_1_280' title='bbox 1432 3198 1688 3275; x_wconf 83' lang='grc' dir='ltr'>Κροῖσόν</span> <span class='ocrx_word' id='word_1_281' title='bbox 1725 3223 1789 3258; x_wconf 86' lang='grc' dir='ltr'>τε</span> <span class='ocrx_word' id='word_1_282' title='bbox 1827 3197 1923 3258; x_wconf 84' lang='grc' dir='ltr'>καὶ</span> 
     </span>
     <span class='ocr_line' id='line_1_37' title="bbox 310 3284 1925 3367; baseline -0.005 -15"><span class='ocrx_word' id='word_1_283' title='bbox 310 3290 442 3355; x_wconf 69' lang='grc' dir='ltr'>τοῦς</span> <span class='ocrx_word' id='word_1_284' title='bbox 455 3289 602 3367; x_wconf 74' lang='grc' dir='ltr'>μετὰ</span> <span class='ocrx_word' id='word_1_285' title='bbox 617 3291 896 3367; x_wconf 88' lang='grc' dir='ltr'>Κροίσου·</span> <span class='ocrx_word' id='word_1_286' title='bbox 923 3288 1017 3348; x_wconf 84' lang='grc' dir='ltr'>καὶ</span> <span class='ocrx_word' id='word_1_287' title='bbox 1033 3288 1165 3351; x_wconf 78' lang='grc' dir='ltr'>τοῦς</span> <span class='ocrx_word' id='word_1_288' title='bbox 1183 3286 1552 3362; x_wconf 89' lang='grc' dir='ltr'>πειρωμένους</span> <span class='ocrx_word' id='word_1_289' title='bbox 1567 3285 1633 3345; x_wconf 80' lang='grc' dir='ltr'>οὗ</span> <span class='ocrx_word' id='word_1_290' title='bbox 1653 3284 1925 3345; x_wconf 78' lang='grc' dir='ltr'>δύνασθαι</span> 
     </span>
    </p>
   </div>
  </div>
 </body>
</html>
