2184 3517
822 482 1293 580 LEoToRL

952 691 1154 721 -μ-

196 829 435 882 Paonn·
487 826 692 880 iterum
752 822 1074 878 Herodotus
1115 823 1274 892 quod
1307 824 1394 878 ad
1439 826 1656 886 tex-tum
1709 825 1910 881 attinet

197 918 473 972 editionis
505 915 801 986 superioris
831 914 1025 969 faciem
1056 913 1219 983 plane
1249 915 1505 969 referens.
1579 915 1911 974 Paucissima

199 1010 376 1074 enim,
408 1024 474 1061 re
504 1007 645 1062 bene
678 1022 963 1077 perpensa,
989 1006 1075 1060 his
1111 1005 1362 1060 secundis
1396 1006 1541 1060 curis
1572 1007 1909 1065 immutanda

204 1102 491 1168 duximus,
530 1099 635 1154 nisi
676 1098 827 1169 quod
871 1099 1153 1167 aliquanto
1192 1100 1369 1154 rarius
1415 1100 1912 1170 interpungendum

202 1194 537 1249 censuimus.
596 1191 808 1245 Verum
839 1191 1134 1260 enimvero,
1158 1191 1602 1261 quandoquidem
1635 1192 1769 1246 baec
1797 1196 1914 1249 edi-

202 1288 291 1342 tio
312 1304 424 1341 non
452 1285 616 1340 modo
639 1284 890 1339 manibus
919 1285 1199 1340 studiosae
1222 1284 1535 1353 juventutis
1557 1286 1790 1341 terenda
1810 1291 1913 1355 est,

207 1380 321 1435 sed
361 1380 530 1434 etiam
570 1378 760 1433 usibus
796 1378 1078 1432 hominum
1118 1378 1489 1433 litteratorum
1528 1395 1761 1449 peregre
1795 1397 1914 1450 pro-

206 1470 575 1525 ficiscentium
597 1471 863 1525 inservire
881 1471 1013 1536 vult,
1031 1487 1207 1540 pauca
1223 1470 1508 1539 quaedam,
1528 1487 1669 1539 quae
1691 1472 1747 1525 in
1770 1472 1916 1538 notis

204 1565 444 1619 editioni
467 1565 661 1634 majori
686 1564 949 1634 subjectis
965 1564 1141 1617 fusius
1157 1581 1385 1618 excussa
1408 1567 1550 1632 sunt,
1568 1564 1656 1618 hic
1671 1564 1916 1620 breviter

204 1657 486 1712 monenda
508 1657 795 1724 videntur3
829 1674 900 1712 ne
924 1658 976 1724 ii,
1000 1657 1200 1726 quibus
1221 1657 1452 1711 facultas
1475 1658 1643 1712 detur
1664 1658 1915 1726 regiones

204 1769 241 1806 a
273 1752 447 1806 Patre
472 1751 754 1806 Historiae
779 1751 1084 1821 descriptas
1107 1750 1391 1819 lustrandi,
1417 1751 1576 1805 simul
1600 1755 1768 1821 atque
1790 1767 1915 1820 per-.-

206 1849 466 1916 spectum
519 1845 811 1900 habuerint
860 1845 1135 1899 illustrem
1181 1844 1503 1915 scriptorem
1549 1845 1622 1899 ad
1666 1861 1914 1900 normam

204 1938 509 1992 hodiernae
546 1938 777 1993 critices
818 1936 1059 1991 revocari
1095 1952 1204 1991 non
1242 1953 1417 2006 posse,
1458 1937 1734 2006 extemplo
1771 1953 1913 2004 eum,

204 2036 476 2101 tanquam
494 2048 757 2101 nugacem
780 2030 1103 2085 fabellarum
1122 2030 1544 2099 conquisitorem
1561 2032 1914 2085 contemnant

208 2124 600 2193 abjiciantque.
661 2124 823 2189 Quod
846 2124 892 2178 si
917 2124 1040 2194 quis
1060 2124 1268 2189 fecerit,
1291 2123 1340 2176 is
1362 2123 1513 2177 nullo
1536 2122 1760 2191 quidem
1781 2121 1912 2191 jure

204 2216 418 2270 fecerit.
492 2215 544 2269 N
545 2232 636 2270 am
664 2232 731 2270 eo
753 2216 894 2270 vixit
922 2219 1176 2284 tempore
1202 2214 1534 2281 Herodotus,
1556 2214 1613 2268 in
1637 2230 1747 2283 quo
1774 2231 1914 2269 com-

208 2310 417 2363 mercia
468 2308 692 2363 hnmani
751 2309 969 2378 generis
1023 2324 1189 2376 aegre
1244 2307 1563 2375 agebantur.
1648 2306 1913 2361 Periculis

208 2399 541 2454 omnimodis
576 2403 708 2454 tunc
744 2399 1011 2469 temporis
1050 2398 1339 2454 scatebant
1377 2398 1527 2465 viae;
1572 2414 1674 2453 nee
1715 2399 1913 2467 singuli

210 2490 672 2562 peregrinaturos,
703 2491 845 2546 sicut
875 2491 1054 2561 hodie,
1086 2491 1188 2546 sed
1218 2490 1556 2559 catervatim,
1580 2490 1746 2545 certis
1777 2493 1914 2545 tem-

209 2588 444 2656 poribus
486 2586 557 2641 ad
599 2588 752 2641 certa
791 2586 912 2640 loca
944 2585 1234 2641 convenire
1275 2584 1524 2639 solebant
1564 2587 1913 2651 mercatores,

211 2695 352 2747 qnos
405 2695 531 2748 spes
588 2678 728 2732 lucri
780 2677 854 2732 ad
910 2678 1235 2748 longinquas
1287 2678 1537 2746 regiones
1587 2675 1913 2730 adduxerat.

211 2772 542 2838 Quinetiam,
562 2786 706 2841 quae
728 2786 819 2825 res
840 2771 1065 2825 maximi
1089 2775 1178 2825 est
1200 2769 1480 2837 momenti,
1499 2768 1609 2824 vim
1632 2769 1914 2823 hominum

209 2865 542 2919 incultorum
570 2868 631 2920 et
656 2865 730 2920 ad
759 2866 888 2921 lites
922 2866 1298 2935 praedamque
1332 2863 1745 2935 propensior-um
1775 2860 1914 2915 nihil

211 2961 336 3011 erat
360 2958 510 3027 quod
532 2958 829 3027 cohiberet,
854 2959 959 3012 nisi
986 2958 1182 3027 religIo
1208 2957 1445 3012 numinis
1468 2955 1620 3026 quod
1649 2954 1826 3008 locum
1852 2953 1911 3006 in

124 3099 133 3108 .
213 3065 378 3118 quem
395 3053 722 3105 conventum
741 3054 863 3106 erat
879 3050 1158 3105 custodire
1173 3048 1488 3118 putabatur.
1544 3045 1691 3100 Hinc
1706 3046 1913 3098 factum

213 3146 301 3197 est
320 3146 387 3196 ut
410 3142 725 3213 ubicunque
749 3144 998 3212 gentium
1026 3158 1231 3210 magna
1251 3143 1621 3195 mercatorum
1645 3139 1913 3193 existeret

213 3235 545 3304 frequentia,
578 3235 657 3291 ibi
697 3235 1061 3290 clarescerent
1094 3233 1322 3287 deorum
1356 3230 1578 3300 templa,
1612 3230 1915 3298 eademque
