2184 3517
389 73 485 125 276
601 132 608 137 ‚
987 71 1353 123 ‘HPOAO'to'r
1848 70 1976 134 [111.

391 149 650 228 φάμενος,
680 150 753 215 ὦς
777 149 846 226 δή
873 149 1126 227 ἀληθέως
1150 148 1486 229 αὐτόμολος·
1518 148 1764 227 ὁρέοντες
1789 149 1846 209 δὲ
1867 149 1984 209 ‹iu-6

390 241 502 297 τῶν
535 237 760 318 πύργων
796 240 851 298 οἱ
891 238 1034 297 κατὰ
1071 241 1244 298 τοῦτο
1283 238 1629 318 τεταγμένοι,
1663 238 1984 317 κατέτρεχον

394 324 558 398 κάτω,
580 325 675 384 καὶ
698 324 899 407 ὀλίγον
915 350 971 386 τι
991 326 1432 404 παρακλίναντες
1455 325 1561 401 τήν
1581 326 1770 403 ἑτέρην
1787 325 1984 401 πύλην,

396 412 647 491 εἰρώτευν
670 414 755 477 τίς
777 440 840 473 τε
865 415 951 490 εἴη
978 414 1072 473 καὶ
1099 412 1227 473 ὅτευ
1254 412 1511 491 δεόμενος
1535 410 1699 488 ἥκοις
1737 412 1781 472 ὁ·
1794 413 1854 472 δέ
1875 425 1987 490 σφι

395 500 644 582 ἠγόρευε,
673 499 745 565 ὥς
776 502 861 577 εἵη
886 527 949 561 τε
986 501 1249 579 Ζώπυρος
1279 501 1373 560 καὶ
1401 499 1743 577 αὐτομολέοι
1777 506 1832 565 ἐς
1856 502 1985 562 ἐκεί-

397 614 541 653 νους·
581 588 722 669 ἦγον
758 588 827 665 δή
857 615 956 667 μιν
993 592 1047 649 οἱ
1082 587 1375 666 πυλουροὶ,
1407 590 1587 648 ταῦτα
1621 587 1694 652 οἷς
1727 588 1986 665 ἤκουσαν,

397 677 490 735 ε’πὶ
531 674 603 737 τὰ
654 675 812 736 κοινοὶ
856 680 968 738 τῶν
1013 676 1414 753 Βαβυλωνίων·
1469 675 1758 740 καταστάς
1801 677 1862 736 δὲ
1903 675 1989 738 ἐπ’

399 762 554 834 αὐτὰ,
584 764 954 835 κατοικτίζετο
985 763 1101 841 φοὶς
1129 763 1240 824 §vd
1277 764 1520 840 Δαρείου
1550 764 1882 825 πεπονθέναι
1910 764 1991 825 τὰ

398 851 695 912 ἐπεπόνθεε
724 850 816 910 ὑπ’
844 856 1064 913 ἑωυτοῦ·
1105 852 1334 912 παθέειν
1358 851 1421 910 δὲ
1454 854 1648 921 ταῦτα,
1677 850 1818 911 διότι
1850 876 1993 927 συμ-

396 939 716 1017 βουλεύσαι
759 943 814 1000 οἱ
859 938 1235 1001 ἀπανιστάναι
1279 938 1387 1014 τήν
1432 939 1722 1016 στρατιὴν,
1772 939 1891 999 ε’πεί
1925 965 1994 1000 τε

397 1026 576 1092 οὐδεὶς
613 1025 788 1105 πόρος
828 1028 1087 1103 ἐφαίνετο
1126 1031 1229 1104 τῆς
1267 1025 1532 1096 άλώσιος,
1560 1037 1597 1062 “
1615 1031 1712 1087 νῦν
1746 1025 1856 1099 τεῙ
1883 1028 1996 1104 ἔφη

399 1116 598 1198 λέγων,
643 1126 678 1151 “
695 1114 804 1196 ε’γῶ
850 1114 999 1193 ὑμῖν,
1044 1114 1088 1175 ὦ
1141 1112 1519 1191 Βαβυλώνιοι,
1567 1114 1683 1190 ἥκω
1723 1116 1998 1196 μέγιστον

396 1203 628 1285 οἷγαθον,
676 1205 892 1283 Δαρείω
938 1204 999 1264 δε
1045 1203 1140 1262 καὶ
1184 1206 1257 1281 τῇ
1302 1228 1543 1280 στρατιῃ
1592 1204 1684 1262 καὶ
1730 1204 1998 1284 Πέρσῃσι

394 1294 665 1375 μέγιστον
685 1291 873 1354 κακόν·
914 1291 979 1353 οὗ
1003 1318 1116 1374 γαρ
1143 1290 1267 1367 δη’
1242 1291 1342 1368 εμέ
1351 1316 1470 1398 Ἀγε
1459 1287 1562 1350 ὦδε
1586 1291 1999 1370 λωβησάμενος

387 1380 842 1457 καταπροΐξεται·
883 1380 1190 1456 ἐπίσταμαι
1298 1377 1470 1439 αυτοῦ
1501 1377 1692 1443 πάσας
1721 1379 1824 1443 τοὶς
1860 1380 1999 1450 διεξ-

306 1468 379 1527 15
386 1471 418 1527 7
439 1467 597 1531 όδους
636 1471 746 1528 τῶν
789 1464 1243 1545 βουλευμάτωνῗ
1293 1469 1555 1526 Τοιαυτα
1602 1466 1781 1547 ἔλεγε·
1837 1471 1894 1527 οἳ
1942 1469 2001 1529 δὲ

399 1553 816 1631 Βαβυλώνιοι
785 1554 1033 1632 ορέοντες
1058 1554 1232 1632 ἄνδρα
1255 1558 1364 1615 τῶν
1385 1559 1444 1614 ἐν
1471 1554 1741 1633 Πέρσῃσι
1767 1554 2002 1633 δοκιμω-

397 1641 577 1702 τάτων
599 1641 749 1720 ῥινός
773 1667 835 1701 τε
861 1641 954 1701 καὶ
981 1669 1140 1714 ωτων
1160 1642 1528 1720 ἐστερημένον
1552 1641 1795 1718 μάστιξί
1817 1669 1885 1702 τε
1911 1646 2003 1704 καὶ

398 1730 594 1807 αἵματι
619 1729 1094 1807 ἀναπεφυρμένον,
1112 1726 1307 1838 ξτάγχυ
1334 1729 1670 1793 ἐλπίσαντες
1695 1730 1890 1812 λέγειν
1905 1758 2003 1810 μιν

400 1816 618 1893 αληθέα
643 1843 736 1876 και
724 1817 937 1893 ’σφι”’
897 1843 1051 1893 ηκειν
1077 1816 1401 1897 σύμμαχον,
1423 1818 1891 1895 ε’τητραπέσθαιε
1863 1823 2003 1880 ετοῖ·

398 1929 499 1982 μοι
529 1903 678 1981 ἦσαν
708 1909 818 1966 τῶν
849 1905 1030 1965 ε’δέετο
1066 1906 1279 1982 σφέων·
1322 1905 1502 1965 ε’δέετο
1538 1905 1601 1965 δὲ
1635 1911 1929 1984 στρατιῆς·
1969 1907 2004 1969 ὅ

401 1993 479 2063 δὲ,
506 1993 633 2053 ἐπεί
651 2018 714 2053 τε
744 1992 922 2054 αὐτῶν
944 1996 1112 2055 τοῦτο
1138 1995 1452 2071 παρέλαβε,
1480 1993 1664 2075 ἐποίεε
1688 1994 1761 2054 τά
1792 2021 1904 2074 περ
1929 2000 2007 2076 τῷ

405 2082 621 2162 Δαρείῳ
640 2082 1004 2159 συνεθήκατο.
1062 2081 1351 2164 ἐξαγαγών
1374 2081 1486 2164 γὰρ
1505 2086 1578 2161 τῇ
1598 2081 1800 2163 δεκάτῃ
1818 2083 2005 2164 ἡμέρῃ

401 2170 504 2247 τήν
543 2171 815 2248 στρατιήν
850 2173 963 2231 τῶν
999 2171 1404 2248 Βαβυλωνίων,
1439 2170 1532 2229 καὶ
1572 2172 2007 2249 κυκλωσάμενος

402 2257 531 2323 τούς
559 2259 778 2337 χιλίους
801 2257 931 2321 τούς
955 2257 1208 2336 πρώτους
1235 2259 1546 2319 ἔνετεῶατο
1576 2258 1795 2339 Δαρείῳ
1818 2260 2005 2332 τάξαι,

402 2345 631 2411 τούτους
663 2345 1054 2423 κατεφόνευσε.
1121 2345 1392 2423 μαθόντες
1419 2345 1481 2405 δέ
1513 2372 1610 2424 μιν
1638 2349 1692 2406 οἱ
1723 2348 2006 2423 Βαβυλώ-

405 2460 513 2494 νιοι
535 2438 688 2494 τοῖσι
721 2435 881 2494 ἔπεσι
908 2432 980 2494 τοὶ
1012 2434 1149 2515 ἔργα
1182 2432 1570 2512 παρεχόμενον
1596 2433 1784 2511 όμοῖα,
1810 2434 2009 2516 πάγχυ

403 2523 726 2602 περιχαρέες
762 2521 958 2592 ε’όντες,
985 2523 1099 2581 πᾶν
1128 2520 1197 2596 δὴ
1230 2523 1442 2597 ἑτοῖμοι
1475 2519 1626 2595 ἦσαν
1659 2520 2007 2597 ὖπηρετέειν·

402 2609 436 2669 ὁ
463 2609 522 2668 δὲ
548 2609 817 2670 διαλιπών
842 2609 1051 2685 ἡμέρας
1074 2608 1177 2672 τὰς
1201 2607 1581 2689 συγκειμένας,
1606 2606 1759 2671 αὖτις
1787 2611 2008 2679 ε’πιλεξὲ

405 2695 606 2772 άμενος
642 2700 753 2757 τῶν
795 2696 1172 2772 Βαβυλωνίων
1212 2694 1451 2776 ἐξήγαγε
1491 2695 1585 2754 καὶ
1624 2696 2009 2772 κατεφόνευσε

404 2787 514 2844 τῶν
556 2783 793 2860 Δαρείου
833 2785 1214 2860 στρατιωτέων
1243 2783 1382 2846 ’τούς
1422 2783 1754 2862 δισχιλίους·
1801 2783 2010 2850 ἰδόντες

403 2869 464 2928 δὲ
484 2871 758 2929 καὶτοῦτο
776 2868 842 2929 τὸ
865 2871 1026 2948 ἔργον
1042 2874 1097 2930 οἱ
1123 2868 1496 2947 Βαβυλώνιοι,
1513 2868 1717 2933 πάντες
1737 2870 2008 2950 Ζώπυρον

405 2957 608 3035 εἶχον’
582 2982 641 3016 εν
666 2956 919 3034 στόμασι
945 2958 1233 3022 αἰνέοντες·
1275 2957 1308 3018 ὁ
1344 2958 1404 3017 δὲ
1429 2983 1582 3022 αυτις
1608 2958 1883 3020 διαλιπων
1905 2961 2006 3025 τοῖς

406 3043 768 3121 συγκειμένας
811 3042 1038 3119 ἡμέρας,
1082 3044 1322 3124 ἐξήγαγε
1369 3050 1425 3108 ἐς
1468 3070 1535 3104 το
1582 3048 2005 3125 προειρημένον·

406 3130 498 3185 καὶ
515 3128 937 3205 κυκλωσάμενος
957 3130 1333 3204 κατεφόνευσε
1352 3157 1481 3195 τους
1499 3135 2004 3213 τετρακισχιλιους·

407 3213 477 3276 ὥς
508 3214 567 3272 δὲ
603 3215 695 3272 καὶ
728 3219 895 3274 τοῦτο
928 3216 1292 3296 κατέργαστο,
1322 3218 1506 3279 πάντα
1543 3218 1685 3296 δή’
1647 3245 1718 3296 ην
1752 3225 1816 3281 ἐν
1846 3225 2000 3284 τοῖσι
