2184 3517
236 134 526 202 130-134]
877 134 1202 186 mnu.
1738 132 1852 185 173·

239 218 557 293 Μυκερίνου
581 215 1072 292 ἀποθνήσκουσαν,
1101 219 1161 275 ἐν
1183 215 1263 295 τῷ
1294 214 1523 292 ἐνιαυτῷ
1552 209 1710 283 ἅπαξ
1740 236 1840 290 μιν

237 304 336 365 τᾶν
361 302 530 379 ἥλιον
558 304 811 368 κατιδεῖν.

318 391 488 452 Μετοὶ
513 393 573 453 δὲ
596 396 698 469 τῆς
731 390 1005 473 θυγατρὸς
1042 388 1112 451 τὰ
1146 388 1344 458 πάθος,
1373 386 1603 466 δεύτερα
1625 386 1801 467 τούτῳ
1820 390 1934 449 133

238 482 313 557 τῷ
351 480 595 555 βασιλέϊ
632 478 766 540 τάδε
803 477 1086 559 γενέσθαι·
1150 478 1336 538 ἐλθεῖν
1375 478 1430 536 οἱ
1467 474 1739 552 μαντήϊον
1777 480 1839 535 ἐκ

167 644 173 649 .
240 570 488 630 Βουτοῦς
525 566 742 636 πόλιος,
771 565 845 630 ώς
871 565 1122 643 “με’λλοι
1162 563 1227 634 ἐξ
1263 564 1387 623 ἔτεα
1424 565 1636 640 μοῦνον
1673 562 1843 639 βιοῦς

238 657 312 733 τῷ
336 653 565 735 ἑβδόμῳ
589 651 993 730 τελευτήσειν·”
1030 653 1133 713 τᾶν
1152 651 1228 722 δὲ,
1249 650 1427 711 δεινὰν
1444 648 1842 728 ποιησάμενον,

240 741 462 821 πέμψαι
490 745 547 805 ἐς
581 742 649 803 τὸ
687 740 958 819 μαντήΐον
989 745 1068 819 τῶ
1100 740 1206 818 θεῷ
1246 737 1618 816 ὄνείδισμα,’
1581 764 1841 817 αντιμεμ-

240 828 550 905 φόμενον
515 854 605 890 οτι
644 828 719 889 “ο
753 831 858 906 μὲν
889 826 1061 887 αὐτοῦ
1100 825 1285 904 πατὴρ
1319 826 1412 885 καὶ
1441 824 1677 903 πάτρως,
1706 825 1844 887 οἷπο·

241 916 584 993 κληισαντες
607 917 680 977 τοὶ
706 915 798 993 ἶρα
825 915 917 976 καὶ
944 915 1086 976 θεῶν
1112 912 1178 974 ού
1204 912 1545 991 μεμνημένοι
1570 911 1725 972 ἅλλα
1751 914 1845 974 καὶ

238 1002 373 1068 τοῦς
424 1004 752 1081 ἀνθρώπους
804 1001 1144 1081 φθείροντες,
1199 1002 1450 1078 ἐβίωσαν
1499 1000 1705 1080 χρόνον
1752 1002 1846 1062 ἐπὶ

239 1091 484 1163 πολλᾶν,
525 1089 694 1155 αύτος
724 1090 771 1152 δ’
805 1089 1052 1166 εὐσεβής
1083 1089 1189 1150 ἐων
1222 1086 1430 1165 μέλλοι
1458 1087 1671 1166 ταχέως
1701 1087 1845 1149 οὕτω

238 1177 652 1255 τελευτήσεινμ
700 1181 761 1238 ἐκ
800 1177 861 1238 δὲ
898 1181 1002 1239 τοῦ
1041 1175 1389 1258 χρηστηρίου
1430 1173 1579 1253 αυτῷ
1618 1174 1846 1253 δεύτερα

242 1267 429 1326 ἐλθεῖν
480 1265 723 1347 λέγοντα
787 1275 823 1302 “
829 1290 1037 1326 τουτων
1096 1265 1277 1325 εἵνεκα
1335 1262 1428 1323 καὶ
1485 1261 1849 1340 συνταχύνειν

241 1351 393 1429 αὐτῷ
430 1352 535 1414 τόν
574 1354 728 1431 βίον·
773 1332 840 1414 ού
879 1352 992 1434 γοῖρ
1033 1352 1279 1427 ποιῆσαί
1312 1375 1411 1427 μιν
1448 1350 1517 1411 τὰ
1557 1349 1737 1429 χρεῶν
1775 1350 1847 1427 ἦν

243 1440 471 1501 ποιέειν·
513 1440 627 1502 δεῖν
648 1439 759 1523 γὰρ
785 1441 1070 1523 Αἵγιηττον
1106 1438 1415 1499 κακοῦσθαι
1452 1435 1537 1497 ἐπ’
1565 1439 1689 1498 ἔτεα
1716 1463 1845 1500 πεν·

241 1527 489 1603 τήκοντά
528 1553 592 1589 τε
622 1529 714 1588 καὶ
753 1527 968 1589 ἐκατόν·
1025 1528 1119 1588 καὶ
1153 1526 1286 1591 τοῦς
1314 1528 1418 1603 μὲν
1451 1525 1553 1586 δύο
1581 1525 1709 1589 τοῦς
1731 1526 1845 1604 πρὸ

245 1616 455 1676 ἐκείνου
506 1615 835 1698 γενομένους
873 1614 1159 1692 βασιλέας
1203 1614 1404 1691 μαθεῖν
1441 1618 1626 1685 τοῦτο,
1669 1618 1848 1676 κεῖνον

245 1700 304 1762 δὲ
328 1701 449 1763 ου·”
487 1708 663 1764 ταῦτα
689 1703 1013 1765 ἀκούσαντα
1035 1729 1138 1764 τον
1163 1703 1492 1778 Μυκερῖνον,
1520 1700 1592 1764 ὥς
1618 1726 1844 1761 κατακε·

245 1789 516 1868 κριμένων
537 1790 646 1868 ἤδη
678 1794 732 1852 οἶ
766 1790 990 1862 τούτων,
1016 1788 1201 1870 λύχνα
1230 1788 1613 1866 ποιησάμενον
1629 1789 1843 1863 πολλα,

234 1876 383 1941 ’ὅκως
433 1879 646 1960 γίνοιτο
697 1877 813 1950 νῦξ,
866 1878 1161 1956 ἀνάψαντα
1205 1876 1363 1947 αυτᾶ,
1418 1877 1596 1937 πίνειν
1644 1900 1708 1937 τε
1754 1877 1848 1936 καὶ

246 1963 539 2027 εὐπαθέειν
564 1991 691 2027 ουτε
714 1966 926 2044 ἡμέρης
962 1964 1090 2027 οὕτε
1116 1963 1310 2028 νυκτὸς
1343 1963 1580 2037 α’νιέντα,
1610 1964 1664 2027 ἐς
1687 1988 1750 2024 τε
1773 1989 1847 2024 τα

247 2052 379 2112 ἕλεα
405 2054 500 2113 καὶ
528 2053 602 2114 τὰ
633 2053 822 2115 ἄλσεα
856 2052 1220 2131 πλανώμενον
1260 2053 1354 2112 καὶ
1391 2051 1480 2111 ἵνα
1514 2050 1847 2112 πυνθάνοιτο

247 2139 385 2201 εἶναι
411 2145 518 2222 γῆς
542 2142 886 2219 ἐνηβητήρια
912 2140 1336 2218 ἐπιτηδεώτατα.
1416 2143 1594 2199 ταῦτα
1623 2138 1684 2198 δὲ
1717 2144 1836 2216 ἐμη

245 2231 463 2307 χανᾶτο
514 2228 693 2291 θέλων
744 2230 813 2290 τὸ
858 2228 1128 2306 μαντήϊον
1174 2226 1513 2306 ψευδόμενον
1557 2224 1841 2297 ἀποδέξαι,

248 2315 339 2375 ἵνα
363 2318 420 2377 οἶ
455 2315 752 2378 δυώδεκα”’
723 2342 849 2378 ετεα
883 2315 1007 2377 άντὶ
1034 2316 1099 2386 ἐξ
1128 2315 1290 2377 ἐτέων
1322 2312 1552 2395 γένηται
1575 2314 1635 2371 αἱ
1659 2312 1847 2378 νύκτες

222 2398 453 2484 -ἤμέραι
476 2404 815 2482 ποιεύμεναι.

329 2493 632 2568 Πυραμίδα
657 2493 718 2553 δὲ
742 2494 836 2553 καὶ
862 2490 1023 2557 οὗτος
1047 2490 1356 2553 ἀπελίπετο
1381 2486 1603 2549 πολλᾶν
1634 2487 1940 2550 arlo-134

248 2602 335 2638 σω
366 2583 470 2640 τοῦ
501 2605 727 2658 πατρος,
757 2580 991 2662 (ἐείκοσι
1029 2580 1215 2640 ποδῶν
1254 2577 1633 2638 καταδέουσαν
1665 2580 1847 2653 κῶλον

248 2666 489 2730 ἕκαστον
517 2672 684 2746 τριῶν
722 2669 996 2746 πλέθρων,
1023 2667 1226 2743 ἐούσης
1258 2664 1645 2748 τετραγώνου,)
1682 2647 1848 2725 λίθου

246 2754 309 2814 δὲ
334 2760 395 2818 ἐς
415 2753 482 2815 τὰ
508 2755 688 2833 ἥμισυ
712 2757 1061 2817 Αἰθιοπικοῦ·
1103 2754 1209 2831 τὴν
1235 2754 1304 2830 δὴ
1329 2753 1678 2832 μετεξέτεροί
1698 2758 1848 2828 φασι

245 2839 539 2920 Ἑλλήνων
588 2842 892 2907 Ῥοδώπιος
945 2844 1164 2921 ἑταίρης
1219 2840 1479 2923 γυναικὸς
1541 2841 1694 2911 εἶναι,
1747 2839 1848 2899 οὐκ

247 2928 428 3009 ὀρθῶς
451 2932 730 3013 λέγοντες·
773 2929 977 2992 οῦδὲ’
936 2957 1010 2992 ων
1035 2928 1163 2990 ουδὲ
1199 2929 1401 2993 εἰδότες
1423 2953 1523 3007 μοι
1555 2929 1849 3004 φαίνονται

249 3019 439 3101 λέγειν
463 3017 618 3080 οὗτοι
641 3018 763 3096 ἥτις
785 3018 857 3096 ἦν
879 3018 919 3095 ἤ
943 3017 1231 3080 Ῥοδῶπις·
1269 3042 1337 3076 ου
1363 3041 1475 3098 γαρ
1503 3013 1572 3075 ἄν
1597 3018 1652 3075 οἱ
1675 3040 1850 3091 πυρα-

250 3107 386 3183 μίδα
410 3106 686 3168 ἀνέθεσαν
715 3106 1071 3184 ποιησασθαι
1106 3102 1381 3179 τοιαύτην,
1419 3107 1475 3165 ἐς
1507 3102 1612 3177 τήν
1645 3100 1848 3162 ταλάν·

249 3217 360 3255 των
397 3195 650 3274 χιλιάδες
687 3193 1069 3271 ἀναρίθμητοι,
1105 3190 1177 3254 ὦς
1216 3188 1371 3270 λόγω
1413 3190 1600 3262 εἰπεῖν,
1634 3188 1847 3250 α’ναισί-

252 3306 483 3359 μωνται·
521 3281 665 3362 πρὸς
690 3281 767 3353 δὲ,
795 3281 885 3343 ὅτι
917 3278 1059 3340 κατὰ
1081 3277 1338 3357 Ἀμασιν
1372 3276 1756 3354 βασιλεύοντα
1778 3275 1851 3353 ἦν
