2184 3517
318 80 417 131 292
928 78 1321 129 ἨΡοΔοΤοτ-
1800 78 1926 141 [IV.

319 158 498 221 οὐδέν·
540 157 736 238 ἔλεγον
758 156 870 239 γὰρ
895 154 965 218 ἂν
992 157 1083 216 καὶ
1111 157 1341 227 Σκύθαι,
1370 156 1442 221 ὥς
1465 156 1596 268 περὶ
1620 158 1734 217 τῶν
1756 181 1930 232 μουν·

320 246 635 323 οφθάλμων
685 247 940 326 λέγουσι.
1007 244 1140 306 ἀλλ’
1186 244 1437 324 ‘He—‘6819
1477 246 1583 322 μέν
1629 249 1758 304 ε’στι
1795 244 1929 321 περὶ

317 334 707 413 Ὑπερβορέων
738 335 1012 411 εἰρημένα,
1041 334 1165 393 ἔστι
1198 333 1258 392 δὲ
1289 334 1381 392 καὶ
1416 330 1649 411 Ὀμήρω
1683 337 1744 393 ἐν
1767 330 1928 391 Ἑπι-

316 424 556 506 γόνοισι,
599 426 648 481 εἰ
687 421 754 496 δὴ
794 425 872 501 τῷ
913 421 1057 482 ἐόντι
1090 447 1160 502 γε
1184 419 1441 498 ’Όμηρος
1471 424 1651 479 ταῦτα
1680 419 1753 478 τοὶ
1790 419 1929 494 ἔπεα

221 515 344 573 33’
320 513 569 589 εποίησε·
612 513 829 588 Πολλῷ
869 510 933 569 δέ
962 534 1019 569 τι
1057 512 1306 568 πλεῖστα
1326 509 1466 586 περὶ
1502 506 1685 569 αὐτῶν
1713 506 1929 583 Δήλιοι

313 602 566 682 λέγουσι,
596 597 836 674 φάμενοι
872 595 967 675 ἰραῖ
1002 595 1322 671 ἐνδεδεμένα
1359 601 1417 656 ἐν
1447 595 1677 675 καλάμῃ
1715 598 1925 671 πρῶν,

316 690 379 758 ἐξ
416 685 808 763 Ὑπερβορέων
848 684 1134 762 φερόμενα
1181 682 1545 744 ἀπικνέεσθαι
1584 687 1641 746 ἐς
1683 682 1923 747 Σκύθας.

313 775 425 835 οἷπὸ
458 776 518 835 δὲ
552 773 807 839 Σκυθέων
844 772 954 849 ἤδη
995 772 1322 850 δεκομένους
1363 772 1471 832 αἰεὶ
1509 770 1640 835 τοῦς
1679 774 1926 846 πλησιο-

312 863 527 944 χώρους
569 861 852 931 ἑκάστους,
895 861 1140 938 κομίζειν
1182 859 1324 919 αύτοὶ
1365 860 1432 920 τό
1486 859 1627 937 πρὸς
1680 859 1927 936 ἑσπέρης

316 950 603 1011 ἑκαστάτω
636 950 729 1010 ε’πὶ
753 947 854 1010 τᾶν
878 946 1127 1025 Ἀδρίην·
1169 947 1421 1008 ἐνθεῦτεν
1446 946 1508 1006 δὲ
1532 946 1672 1026 πρὸς
1696 967 1926 1023 ,μεσαμ-

313 1041 485 1118 βρίην
499 1036 944 1117 προπεμπόμενα
968 1034 1221 1114 πρώτους
1248 1035 1606 1099 Δωδωναίους
1628 1034 1929 1111 Ἑλλήνων

316 1128 596 1189 δέκεσθαι·
637 1123 750 1186 ἀπὸ
782 1125 843 1184 δὲ
873 1124 1082 1185 τούτων
1125 1125 1484 1200 καταβαίνειν
1524 1123 1617 1183 ε’πὶ
1655 1121 1755 1183 τᾶν
1794 1128 1926 1199 Μη-

316 1218 444 1277 λιέα
485 1216 716 1286 κόλπον,
746 1212 838 1273 καὶ
875 1211 1307 1290 διαπορεύεσθαι
1348 1217 1404 1275 ἔς
1436 1210 1709 1289 Εὔβοιαν·
1751 1210 1929 1271 πόλιν

314 1329 379 1364 τε
425 1309 481 1368 ἐς
521 1303 692 1364 πόλιν
729 1301 986 1378 πέμπειν,
1025 1301 1197 1378 μέχρι
1237 1298 1561 1378 Καρύστου·
1614 1299 1681 1359 τὰ
1724 1297 1772 1358 δ’
1806 1296 1926 1359 ἅπὸ

315 1392 535 1467 ταύτης,
553 1393 799 1450 ἐκλιπεῖν
815 1388 1075 1466 Ἀνδρον·
1109 1388 1465 1464 Καρυστίους
1486 1387 1597 1467 γὰρ
1626 1386 1766 1446 εἶναι
1790 1387 1927 1451 τοῦς

318 1480 643 1555 κομίζοντας
669 1483 725 1540 ἐς
754 1481 953 1552 Τῆνον,
980 1469 1215 1551 Τηνίους
1241 1475 1301 1534 δὲ
1327 1479 1384 1537 ἐς
1412 1479 1629 1550 Δῆλον.
1697 1473 1924 1535 ἀπικνέ-

321 1567 485 1627 εσθαι
516 1566 621 1644 μέν
645 1590 741 1626 νυν
767 1568 942 1624 ταῦτα
966 1563 1040 1624 τοὶ
1070 1564 1163 1641 ἱροῖ
1190 1562 1331 1624 οὕτω
1357 1563 1595 1645 λέγουσι
1623 1567 1679 1626 ἐς
1706 1567 1927 1639 Δῆλον·

315 1657 536 1733 πρῶτον
567 1654 628 1713 δὲ
663 1651 792 1716 τούς
829 1650 1243 1729 Ὑπερβορέους
1271 1651 1493 1729 πέμψαι
1524 1650 1813 1728 φερούσας
1849 1653 1928 1712 τοὶ

320 1741 412 1821 ἱροὶ
444 1740 542 1802 δύο
574 1739 757 1819 κόρας,
780 1737 884 1802 τσῖς
915 1738 1288 1817 οὗνομάζουσι
1320 1740 1528 1815 Δήλιοι
1560 1739 1701 1801 εἶναι
1723 1738 1924 1817 Ὑπερ-

318 1831 459 1910 όχην
500 1855 565 1890 τε
607 1829 700 1888 καὶ
739 1826 1040 1902 Λαοδίκην·
1099 1826 1218 1904 ἅμα
1264 1827 1326 1887 δὲ
1367 1826 1574 1907 αύτῇσι
1628 1826 1929 1905 οἷσφαλίης

320 1920 520 1979 εἵνεκεν
544 1917 766 1995 πέμψαι
790 1915 920 1979 τοὺς
943 1913 1357 1993 Ὑπερβορέους
1379 1919 1490 1976 τῶν
1506 1914 1696 1976 οἷστῶν
1720 1914 1929 1994 ἄνδρας

319 2008 486 2067 πέντε
518 2003 796 2083 πομποῦς,
821 2002 1052 2066 τούτους
1079 2002 1133 2061 οἳ
1157 2006 1255 2063 νῦν
1282 2004 1600 2081 Περφερέες
1625 2003 1929 2064 καλέονται

319 2094 482 2172 τιμὰς
507 2092 760 2177 μεγάλας
780 2097 838 2152 ἐν
853 2091 1033 2170 ,Δήλῳ
1060 2091 1298 2169 ἔχοντες·
1328 2092 1448 2150 ἐπεὶ
1469 2091 1530 2152 δὲ
1547 2094 1702 2152 τοῖσι
1724 2091 1927 2170 εΥπερ-

318 2184 581 2260 βορέοισι
598 2180 729 2244 τούς
742 2178 1215 2256 ἅποπεμφθέντας
1229 2178 1411 2240 ὄπίσω
1427 2177 1526 2238 οὐκ
1542 2178 1926 2251 ἀπονοστέειν,

320 2271 470 2332 δεινοὶ
501 2269 857 2346 ποιευμένους
887 2271 936 2326 εἷ
972 2267 1157 2343 σφέας
1192 2267 1299 2327 αἰεὶ
1331 2266 1761 2346 καταλάμψεται
1787 2267 1927 2328 οἷπο-

320 2360 665 2421 στέλλοντας
704 2355 787 2435 μῆ
830 2354 1220 2425 ἀποδέκεσθαι,
1270 2354 1411 2415 οὕτω
1451 2355 1521 2431 δὴ
1561 2356 1837 2432 φέροντας
1867 2362 1929 2421 ἐς

323 2446 451 2510 τούς
478 2446 672 2524 οὔρους
695 2444 768 2505 τοὶ
794 2445 886 2522 ἱροὶ
914 2443 1233 2521 ἐνδεδεμένα
1261 2448 1319 2504 ἐν
1343 2447 1531 2522 πυρῶν
1557 2442 1787 2523 καλάμῃ
1804 2448 1929 2508 τοῖς

318 2534 736 2613 πλησιοχώροις
786 2531 1151 2608 ἐπισκήπτειν
1195 2530 1521 2595 κελεύοντας
1571 2533 1930 2610 προπέμπειν

319 2622 477 2698 σφέα
524 2620 637 2681 &vd
684 2623 896 2682 ἑωυτῶν
938 2625 994 2684 ἐς
1035 2618 1188 2679 ἄλλο
1233 2620 1406 2684 ἔθνος·
1466 2620 1557 2679 καὶ
1598 2623 1779 2680 ταῦτα
1818 2622 1930 2696 μὲν

323 2709 463 2768 οὕτω
493 2708 937 2785 προπεμπόμενα
972 2707 1336 2769 ἀπικνέεσθαι
1362 2707 1600 2789 λέγουσι
1626 2711 1681 2770 ἔς
1708 2710 1926 2782 Δῆλον·

322 2796 447 2855 οἶδα
484 2796 544 2854 δὲ
575 2794 742 2858 αὐτὸς
779 2795 1033 2856 τούτοισι
1061 2800 1219 2856 τοῖσι
1247 2798 1421 2873 ἶροῖσι
1443 2795 1573 2856 τόδε
1595 2794 1930 2872 ποιεύμενον

321 2884 661 2961 προσφερές·
691 2881 794 2946 τοῖς
819 2883 1084 2960 Θρηϊκίας
1106 2882 1311 2947 καὶτὰς
1326 2883 1630 2946 Παιονίδας
1642 2886 1927 2964 γυναῖκας,

324 2970 490 3030 ε’πεάν
534 2970 712 3030 θύωσι
751 2974 824 3048 τῇ
863 2969 1150 3048 Ἀρτέμιδι
1189 2974 1264 3049 τῇ
1310 2971 1613 3049 Βασιληΐῃ,
1652 2970 1755 3030 οὐκ
1794 2969 1932 3031 ἄνευ

322 3059 510 3128 πυρῶν
535 3056 791 3132 καλάμης
823 3057 1069 3119 θυούσας
1098 3057 1171 3117 τοὶ
1207 3053 1316 3133 ἱρά.
1401 3059 1494 3118 καὶ
1523 3061 1701 3118 ταῦτα
1725 3060 1828 3135 μὲν
1854 3058 1931 3134 δὴ

233 3134 309 3192 34
327 3136 450 3195 οἶδα
482 3139 686 3203 ταύτας
718 3142 1004 3206 ποιεύσας.
1069 3148 1221 3222 Τῇσι
1246 3144 1305 3204 δὲ
1330 3146 1663 3223 παρθένοισι
1687 3145 1934 3224 ταύτῃσι

328 3223 466 3296 τῇσι
500 3223 563 3289 ἐξ
596 3223 987 3303 ’Ὑπερβορέων
1016 3232 1476 3312 τελευτησάσῃσι
1512 3238 1571 3292 ἐν
1599 3231 1792 3312 Δήλω,
1819 3233 1932 3292 κεί-
