2184 3517
300 86 521 152 12—15]
885 88 1343 139 MEAHOMENH.
1814 93 1910 139 285

299 165 613 241 κοννήσιος,
665 165 866 226 ποιέων
917 167 1067 238 ἔπεα,
1117 166 1420 228 ἀπικέσθαι
1472 173 1529 231 ἐς
1576 166 1913 244 Ἰσσηδόνας

298 253 747 329 φοιβόλαμπτος
770 253 1085 334 γενόμενος·
1127 253 1607 331 Ἰσσηδόνωνδὲ”
1573 256 1912 332 υπεροικέειν

295 338 708 418 Ἀριμασπους,
745 339 1535 419 ἅνδραςῆιουνοφθάλμους,“
1501 346 1641 420 υπὲρ
1685 343 1746 402 δὲ
1787 342 1912 403 τού·

295 454 414 488 των
465 453 595 491 τους
632 428 1079 508 χρυσοφύλακας
1126 429 1367 507 Γρύπας,
1407 429 1615 491 τούτων
1656 430 1731 500 δὲ,
1783 431 1914 496 τοῦς

295 508 731 594 Ὑπερβορέους,
767 516 1107 590 κατήκοντας
1148 518 1239 577 ἐπὶ
1280 518 1603 579 θάλασσαν.
1685 517 1914 583 τούτους

297 603 382 665 ὧν
396 604 606 667 πάντας
623 604 778 680 πλὴν
791 603 1202 682 Ὑπερβορέων,
1225 603 1508 682 εἰρξάντων
1526 596 1911 683 Ἀριμασπῶν,

295 691 415 751 αἰεὶ
448 695 602 751 τοῖσι
635 692 1094 771 πλησιοχώροισι
1130 694 1498 754 ἐπιτίθεσθαι·
1542 695 1635 753 καὶ
1666 693 1776 753 ὖπό
1810 697 1916 771 μὲν

294 778 677 856 Ἀριμασπῶν
717 781 1051 849 ἐξωθέεσθαι
1091 785 1153 839 ἐκ
1203 783 1305 856 τῆς
1342 781 1527 860 χώρης
1565 779 1914 858 Ἰσσηδόνας,

294 865 417 926 §vro
446 867 504 925 δὲ
529 866 871 978 Ἰσσηδόνων
907 867 1141 939 Σκύθας,
1173 869 1517 946 Κιμμερίους
1553 868 1614 927 δὲ
1640 869 1917 933 οἰκέοντας

296 954 402 1014 ἐπὶ
452 958 524 1034 τῇ
577 957 734 1035 νοτίῃ
778 954 1051 1034 θαλάσσῃ
1104 954 1216 1015 υπὸ
1261 956 1518 1019 Σκυθέων
1560 957 1915 1033 πιεζομένους

296 1042 583 1103 ἐκλείπειν
609 1069 713 1153 την
737 1042 943 1123 χώρην.
1029 1043 1171 1103 οὕτω
1196 1031 1330 1102 οὐδὲ
1369 1069 1532 1106 ουτος
1565 1044 1915 1121 συμφέρεται
1948 1093 1952 1098 .

293 1130 437 1207 περὶ
463 1156 563 1207 της
588 1156 772 1211 χωρης
795 1130 999 1207 ταύτης
1034 1130 1306 1210 Σκύθῃσι.
1390 1131 1506 1190 Καὶ
1538 1130 1667 1192 ὅθεν
1691 1133 1795 1208 μὲν
1821 1132 1914 1207 ἔην
1934 1134 2007 1192 14

292 1217 607 1296 Ἀριστέης
646 1218 680 1278 ὅ
719 1223 896 1280 ταῦτα
946 1218 1208 1296 ποιήσας,
1264 1220 1493 1296 εἴρηται·
1546 1218 1646 1279 τὸν
1685 1219 1745 1278 δὲ
1783 1220 1914 1296 περὶ

295 1303 478 1366 αὐτοῦ
528 1306 731 1382 ἤκουον
782 1306 959 1388 λόγον
999 1313 1059 1368 ἐν
1111 1306 1493 1387 Προκοννήσῳ
1535 1307 1627 1366 καὶ
1675 1307 1912 1386 Κυζίκῳ,

293 1394 470 1463 λέξω·
536 1393 835 1472 Ἀριστέην
885 1395 997 1476 γοὶρ
1051 1396 1305 1477 λέγουσι,
1362 1395 1526 1456 ἐόντα
1567 1399 1679 1455 τῶν
1725 1394 1915 1456 οἰστῶν

296 1480 529 1545 ούδενός
552 1484 714 1564 γένος
745 1483 1165 1561 ὑποδεέστερον,
1199 1482 1508 1544 ἐσελθόντα
1547 1489 1601 1547 ἐς
1639 1482 1914 1559 κναφήῖον

289 1574 370 1646 ,ἐν
409 1570 788 1650 Προκοννήσῳ
829 1569 1153 1632 ἀποθανεῖν·
1223 1571 1317 1630 καὶ
1354 1570 1454 1631 τόν
1495 1572 1711 1647 κναφέα
1752 1596 1915 1630 κατα-

296 1658 621 1732 κληΐσαντα
676 1657 743 1719 τό
807 1657 1194 1740 ἐργαστήριον,
1258 1658 1517 1738 οἴχεσθαι
1572 1658 1915 1740 ἀγγελέοντα

293 1747 460 1806 τοῖσι
504 1746 862 1823 προσήκουσι
903 1751 980 1826 τῷ
1018 1750 1210 1825 νεκρῷ·
1226 1813 1233 1820 .
1252 1747 1664 1824 ἐσκεδασμένου
1705 1746 1765 1805 δὲ
1803 1745 1913 1823 ἤδη

297 1836 412 1894 τοῦ
437 1832 614 1914 λόγου
641 1833 748 1893 «ivd
771 1833 877 1911 τήν
896 1833 1066 1894 πόλιν
1087 1833 1159 1898 ὥς
1184 1833 1415 1898 τεθνεώς
1442 1834 1525 1910 εἴη
1548 1833 1580 1895 ό
1604 1834 1912 1912 Ἀριστέης,

297 1926 368 1985 ἐς
416 1919 822 1999 ἀμφισβασίας
871 1926 1029 1982 ’τοῖσι
1088 1923 1327 2004 λέγουσι
1380 1921 1684 1983 ἀπικέσθαι
1741 1920 1915 2000 ἄνδρα

297 2008 620 2086 Κυζικηνὸν
657 2010 866 2086 ἥκοντα
907 2011 970 2080 ἐξ
999 2009 1278 2087 Ἀρτάκης
1311 2010 1527 2081 πόλιος,
1560 2010 1750 2087 φάντα
1784 2035 1915 2069 συν-

298 2102 502 2177 τυχεῖν
527 2097 593 2157 τέ
626 2101 679 2157 οἱ
713 2097 851 2159 ἰόντι
887 2098 979 2158 ἐπὶ
1010 2099 1257 2170 Κυζίκου
1294 2098 1386 2157 καὶ
1413 2103 1468 2161 ἐς
1493 2098 1698 2179 λόγους
1724 2096 1911 2157 οἷπικέ-

298 2186 466 2246 σθαι·
535 2185 629 2244 καὶ
679 2189 878 2245 τοῦτον
916 2188 1020 2264 μὲν
1060 2186 1425 2262 ἐντεταμένως
1477 2183 1912 2262 ἆμφισβητέειν·

296 2272 438 2336 τοῦς
487 2272 547 2332 δὲ
598 2273 988 2350 προσήκοντας
1039 2277 1117 2352 τῷ
1161 2276 1334 2352 νεκρῷ
1378 2271 1470 2333 ἐπὶ
1512 2271 1578 2332 τό
1627 2270 1901 2347 κναφήῖον

299 2364 565 2438 παρεῖναι
597 2361 825 2440 ἔχοντας
855 2361 928 2422 ταῖ
963 2361 1291 2439 πρόσφορα,
1323 2359 1393 2424 οἷς
1424 2358 1912 2437 ἀναιρησομένους·

300 2448 666 2529 οἷνοιχθέντος
707 2449 766 2510 δὲ
805 2454 907 2510 τοῦ
947 2449 1266 2527 οἰκήματος,
1309 2448 1436 2509 οὕτε
1474 2448 1746 2509 τεθνεῶτα
1788 2445 1917 2505 οὔτε

301 2538 487 2609 ζῶντα
529 2538 832 2613 φαίνεσθαι
871 2537 1187 2616 Ἀριστέην·
1211 2548 1215 2554 ’
1239 2536 1383 2614 μετοὶ
1422 2537 1497 2607 δὲ,
1541 2533 1764 2613 ἑβδόμῳ
1801 2534 1911 2593 ἔτεϊ

303 2626 559 2702 φανέντα
574 2624 744 2686 αὖτὸν
761 2630 817 2690 ἐς
831 2624 1237 2703 Προκόννησον
1256 2628 1492 2700 ποιῆσαι
1506 2623 1579 2683 τοὶ
1595 2624 1728 2682 ἔπεα
1741 2624 1916 2681 ταῦτα

298 2713 381 2774 To)
417 2718 519 2774 νῦν
547 2712 641 2772 ὕπ’
676 2713 970 2789 Ἑλλήνων
1008 2712 1370 2790 Ἀριμάσπεα
1413 2712 1688 2771 καλέεται·
1755 2708 1915 2785 ποιή-

301 2827 491 2862 σαντα
524 2800 584 2860 δὲ
624 2801 1009 2877 ἀφανισθῆναι
1042 2799 1109 2860 τό
1145 2798 1419 2876 δεύτερον.
1500 2803 1676 2859 ταῦτα
1714 2800 1818 2875 μὲν
1858 2798 1918 2855 αἱ

299 2888 504 2952 πόλιες
530 2886 695 2947 αὗται
720 2889 975 2969 λέγουσι.
1031 2886 1176 2946 Τάδε
1203 2886 1264 2945 δὲ
1290 2886 1417 2945 οἶδα
1442 2886 1918 2945 Μεταποντίνοισι
1937 2885 2011 2944 15

298 2980 462 3037 τοῖσι
500 2981 557 3036 ἐν
587 2974 803 3055 Ἰταλίῃ
836 2973 1273 3055 συγκυρήσαντα
1315 2971 1461 3049 μετὰ
1496 2971 1602 3049 τήν
1644 2970 1919 3047 ἀφάνισιν

300 3063 414 3138 τήν
440 3064 701 3141 δευτέρην
726 3062 997 3140 Ἀριστέω
1032 3063 1183 3121 ἔτεσι
1209 3059 1626 3138 τεσσεράκοντα
1652 3059 1745 3117 καὶ
1768 3083 1920 3136 τριη-

304 3151 578 3220 κοσίοισι,
624 3150 694 3214 ὦς
743 3150 850 3231 ἐγώ
896 3147 1376 3225 συμβαλλόμενος
1424 3152 1483 3206 ἐν
1537 3145 1920 3224 Προκοννήσῳ

301 3263 373 3298 τε
420 3239 514 3296 καὶ
564 3237 934 3315 Μεταποντίῳ
983 3236 1257 3314 εὕρισκον·
1311 3234 1729 3295 Μεταποντῖνοί
1770 3238 1920 3301 φασι
