2184 3517
286 99 381 147 334
888 96 1237 147 ΗΡοΔοΤοΤ
1759 92 1889 158 [IV.

283 180 554 259 γέφυραν,
574 178 612 256 ἢ
639 181 738 239 καί
755 205 813 240 τι
826 177 991 239 Ἴωσι
1016 177 1174 248 δόξαι
1196 176 1266 238 τὰ
1290 175 1467 253 ἡμέας
1493 174 1617 236 οἷόν
1639 201 1706 234 τε
1731 177 1894 236 ἔσται

194 269 307 327 135
327 266 793 349 ἐξεργάσασθαι.”
856 265 1130 352 Γωβρύης
1154 266 1259 344 μὲν
1281 268 1460 325 ταῦτα
1485 263 1893 341 συνεβούλευε·

285 355 427 431 μετὰ
480 356 555 427 δὲ,
599 356 701 426 νύξ
747 381 811 415 τε
857 356 1075 436 ἐγένετο
1130 355 1223 413 καὶ
1277 357 1516 431 Δαρεῖος
1570 357 1779 431 ἐχρᾶτο
1818 357 1895 432 τῇ

286 443 479 526 γνώμῃ
504 443 696 524 ταύτῃ·
738 444 867 508 τούς
899 446 1003 521 μὲν
1041 442 1393 519 καματηροῦς
1422 446 1532 501 τῶν
1558 440 1773 518 ἀνδρῶν
1799 444 1896 501 καὶ

285 537 395 592 τῶν
447 532 519 608 ἦν
571 532 873 612 ἐλάχιστος
926 531 1334 609 ἀπολλυμένων
1384 528 1574 610 λόγος,
1618 530 1713 589 καὶ
1763 531 1921 595 τούς-

291 620 450 685 ὅνους
487 621 700 684 πάντας
740 620 1076 696 καταδήσας,
1106 619 1370 678 κατέλιπε
1410 617 1582 678 αὗτοΐ
1620 617 1797 697 ταύτῃ
1832 624 1897 679 ἐν

287 713 363 789 τῷ
414 709 794 790 στρατοπέδῳ.
878 709 1146 769 κατέλιπε
1200 707 1260 766 δὲ
1310 705 1439 769 τούς
1484 732 1546 767 τε
1592 705 1755 769 ὅνους
1800 707 1897 766 καὶ

284 797 415 862 τούς
457 797 728 862 α’σθενέας
779 802 881 875 τῆς
920 800 1190 874 στρατιῆς
1228 795 1401 855 τῶνδε
1441 795 1664 854 εἵνεκεν·
1710 795 1800 854 ἴνα
1838 799 1897 855 οἳ

285 888 390 963 μὲν
414 885 532 946 ὄνοι
552 886 703 962 βοὴν
726 888 1095 966 παρέχωνται·
1123 888 1178 949 οἱ
1204 884 1265 944 δὲ
1291 882 1570 961 ἅνθρωποι
1597 881 1898 960 ἀσθενείης

289 977 395 1049 μὲν
459 975 662 1035 εἵνεκεν
729 976 1113 1044 κατελίποντο,
1176 972 1500 1051 προφάσιος
1568 971 1628 1031 δὲ
1695 972 1894 1048 τῆσδε·

293 1062 509 1139 δηλαδὴ
561 1062 727 1128 adv-63
779 1066 884 1139 μὲν
936 1062 1044 1122 σῦν
1096 1066 1174 1142 τῷ
1227 1063 1451 1138 καθαρῷ
1496 1063 1597 1120 τοῦ
1641 1064 1899 1137 στρατοῦ

289 1150 666 1226 ἐπιθήσεσθαι
716 1153 925 1228 μέλλοι
973 1154 1130 1211 τοῖσι
1184 1149 1455 1226 Σκύθῃσι,
1504 1145 1686 1207 οὗτοι·
1713 1148 1775 1207 δὲ
1824 1155 1897 1209 τὰ

290 1238 675 1315 στρατόπεδον
727 1242 927 1300 τοῦτον
976 1237 1080 1299 τᾶν
1132 1237 1337 1317 χρόνον
1386 1237 1633 1313 ῥυοίατο.
1715 1240 1898 1297 ταῦτα

288 1330 441 1386 τοῖσι
485 1327 984 1405 ὑπολειπομένοισι
1035 1325 1376 1403 ύποθέμενος
1428 1324 1459 1383 ὁ
1508 1328 1748 1400 Δαρεῖος
1799 1327 1897 1385 καὶ

287 1414 438 1492 πυρὰ
503 1414 792 1485 ἐκκαύσας,
849 1414 955 1490 τήν
1010 1414 1289 1493 ταχίστην
1342 1413 1593 1494 ἐπείγετο
1648 1413 1742 1472 ἐπὶ
1791 1412 1897 1475 τόν

279 1500 528 1579 Ἴστρον·
584 1506 637 1561 οἱ
677 1503 737 1561 δὲ
777 1501 896 1563 ὄνοι
936 1502 1306 1581 ἐρημωθέντες
1344 1504 1445 1561 τοῦ
1485 1499 1707 1577 ὅμιᾌου,
1750 1500 1895 1561 οὕτω

290 1590 393 1665 μὲν
421 1588 489 1664 δὴ
512 1593 742 1664 μᾶλλον
766 1593 966 1669 πολλῷ
993 1590 1153 1649 ἵεσαν
1174 1593 1276 1665 τῆς
1302 1591 1510 1665 φωνῆς·
1550 1587 1896 1653 ἀκούσαντες

290 1677 351 1736 δὲ
377 1679 431 1736 οἱ
459 1676 669 1742 Σκύθαι
678 1682 809 1743 ,τῶν
835 1676 992 1749 ὅνων,
1018 1677 1211 1758 πάγχυ
1253 1676 1393 1737 κατὰ
1432 1675 1621 1756 χώρην
1650 1675 1895 1752 ἤλπιζον
1939 1687 1944 1691 ’
1965 1718 1970 1721 ⁴

200 1766 312 1824 136
329 1765 458 1829 τούς
484 1766 715 1844 Πέρσας
742 1766 899 1825 εἶναι.
965 1764 1215 1842 Ἡμέρης
1241 1764 1302 1823 δὲ
1324 1765 1637 1845 γενομένης,
1665 1763 1897 1843 γνόντες

294 1854 350 1912 οἱ
373 1851 809 1931 ύπολειφθέντες
836 1852 908 1916 ὥς
931 1853 1330 1931 προδεδομένοι
1357 1852 1464 1912 εἶεν
1488 1851 1599 1911 ὖπὸ
1629 1854 1893 1930 Δαρείου,

290 1940 480 2018 χεῖράς
503 1966 566 2000 τε
594 1941 980 2017 προετείνοντο
1014 1944 1170 2001 τοῖσι
1198 1940 1451 2018 Σκύθῃσι
1477 1940 1570 2001 καὶ
1598 1941 1796 2021 ἔλεγον
1819 1942 1896 2000 τοὶ

292 2027 619 2103 κατήκοντα·
673 2030 728 2088 οἱ
760 2028 820 2088 δὲ
863 2028 936 2093 ὥς
973 2028 1227 2104 ἤκουσαν
1255 2032 1448 2097 ταῦτα,
1480 2027 1585 2107 τῂν
1614 2029 1898 2107 ταχίστην

290 2117 729 2193 συστραφέντες,
763 2118 828 2175 αἶ
851 2142 915 2177 τε
946 2116 1045 2185 δύο
1076 2118 1274 2193 μοῖραι
1308 2119 1418 2174 τῶν
1454 2116 1711 2179 Σκυθέων
1737 2116 1830 2175 καὶ
1855 2117 1897 2193 ἦ

289 2203 410 2280 μία,
439 2203 796 2282 Σαυρομάται
831 2205 923 2263 καὶ
958 2203 1216 2264 Βουδῖνοι
1248 2203 1341 2262 καὶ
1377 2202 1639 2272 Γελωνοὶ,
1668 2203 1897 2265 ἐδίωκον

289 2290 420 2354 τοῦς
446 2293 677 2369 Πέρσας
705 2292 793 2352 ἶθῦ
828 2295 928 2351 τοῦ
957 2291 1211 2367 Ἴστρου·
1251 2289 1351 2350 ἅτε
1384 2290 1444 2350 δὲ
1472 2295 1574 2350 τοῦ
1602 2294 1898 2367 Περσικοῦ

289 2382 394 2456 μὲν
418 2382 519 2439 τοῦ
543 2383 765 2440 πολλοί·
793 2379 979 2443 ἐόντος
1004 2380 1180 2450 πεζοῦ
1201 2383 1447 2456 στρατοῦ
1485 2379 1578 2437 καὶ
1604 2378 1707 2442 τὰς
1731 2378 1897 2443 ὁδους

291 2466 391 2526 οὐκ
420 2470 808 2545 ἐπισταμένου,
833 2467 979 2528 ὥστε
1000 2466 1064 2526 οὗ
1090 2465 1445 2543 τετμημένων
1467 2471 1577 2527 τῶν
1604 2466 1765 2537 ὁδῶν,
1789 2471 1895 2527 τοῦ

291 2555 352 2613 δὲ
404 2557 677 2620 Σκυθικοῦ
733 2555 976 2617 ἱππότεω
1028 2556 1123 2614 καὶ
1172 2555 1245 2615 τὰ
1299 2554 1554 2632 σύντομα
1603 2558 1708 2631 τῆς
1760 2555 1895 2616 ὁδοῦ

292 2644 685 2719 ἐπισταμένου,
713 2643 1055 2720 ἁμαρτόντες
1090 2643 1378 2719 ἀλλήλων,
1406 2644 1667 2719 ἔφθησαν
1692 2647 1897 2724 πολλῷ

293 2734 346 2788 οἱ
368 2730 582 2793 Σκύθαι
608 2731 737 2794 τούς
764 2731 996 2809 Πέρσας
1023 2731 1116 2791 ἐπὶ
1139 2731 1243 2806 τὴν
1267 2730 1521 2812 γέφυραν
1547 2730 1894 2808 ἀπικόμενοι,

290 2815 565 2891 μαθόντες
606 2818 665 2877 δὲ
694 2819 824 2881 τούς
862 2820 1096 2897 Πέρσας
1132 2819 1274 2879 οὔκω
1316 2818 1655 2900 ἀπιγμένους
1698 2822 1897 2900 ἔλεγον

290 2904 431 2977 πρὸς
481 2905 610 2967 τούς
650 2904 845 2969 Ἴωνας
887 2906 1078 2969 ἐόντας
1131 2911 1189 2966 ἐν
1233 2910 1372 2984 τῇσι
1413 2909 1598 2982 νηυσί·
1660 2907 1898 2985 ’(ἅνδρες

281 2985 482 3058 Ἴωνες,
522 2992 587 3049 αἴ
615 3018 678 3052 τε
717 2992 921 3069 ἤμέραι
961 2993 1094 3069 υμῖν
1134 2998 1236 3053 τοῦ
1280 2994 1522 3071 ἀριθμου
1565 2994 1895 3074 διοίχηνται,

294 3074 387 3129 καὶ
439 3075 504 3132 ού
543 3077 758 3137 ποιέετέ
797 3105 864 3159 γε
904 3080 1087 3138 δίκαια
1130 3083 1209 3139 ἔτι
1250 3082 1683 3159 παραμένοντες·
1742 3081 1897 3154 ἀλλ’,

293 3157 414 3211 ἐπεὶ
463 3160 734 3236 πρότερον
773 3164 1143 3242 δειμαίνοντες
1197 3168 1435 3245 ἐμένετε,
1478 3173 1577 3230 νῦν
1618 3170 1901 3236 λύσαντες

335 3260 393 3293 W
425 3263 599 3314 ΤΟΡΟν
637 3246 741 3319 τήν
774 3251 1051 3327 ταχίστην
1079 3252 1246 3314 ἄπιτε
1270 3258 1562 3336 χαίροντες
1588 3258 1899 3341 ἐλεύθεροι,
