<?xml version="1.0" encoding="UTF-8"?>
<!DOCTYPE html PUBLIC "-//W3C//DTD XHTML 1.0 Transitional//EN"
    "http://www.w3.org/TR/xhtml1/DTD/xhtml1-transitional.dtd">
<html xmlns="http://www.w3.org/1999/xhtml" xml:lang="en" lang="en">
 <head>
  <title>
</title>
<meta http-equiv="Content-Type" content="text/html;charset=utf-8" />
  <meta name='ocr-system' content='tesseract 3.04.00' />
  <meta name='ocr-capabilities' content='ocr_page ocr_carea ocr_par ocr_line ocrx_word'/>
</head>
<body>
  <div class='ocr_page' id='page_1' title='image "./herodotus02unkngoog_0086.png"; bbox 0 0 2184 3517; ppageno 0'>
   <div class='ocr_carea' id='block_1_1' title="bbox 1122 12 1146 34">
    <p class='ocr_par' dir='ltr' id='par_1_1' title="bbox 1122 12 1146 34">
     <span class='ocr_line' id='line_1_1' title="bbox 1122 12 1146 34; baseline 0 0"><span class='ocrx_word' id='word_1_1' title='bbox 1122 12 1146 34; x_wconf 64' lang='lat' dir='ltr'>b</span> 
     </span>
    </p>
   </div>
   <div class='ocr_carea' id='block_1_2' title="bbox 216 115 1918 3340">
    <p class='ocr_par' dir='ltr' id='par_1_2' title="bbox 312 115 1292 170">
     <span class='ocr_line' id='line_1_2' title="bbox 312 115 1292 170; baseline -0.005 -2"><span class='ocrx_word' id='word_1_2' title='bbox 312 116 378 170; x_wconf 78' lang='grc'>70</span> <span class='ocrx_word' id='word_1_3' title='bbox 924 115 1292 164; x_wconf 74' lang='grc' dir='ltr'>ἨΡΟΔΟΤΟΤ</span> 
     </span>
    </p>

    <p class='ocr_par' dir='ltr' id='par_1_3' title="bbox 311 191 1918 975">
     <span class='ocr_line' id='line_1_3' title="bbox 311 191 1917 273; baseline -0.001 -19"><span class='ocrx_word' id='word_1_4' title='bbox 311 194 522 273; x_wconf 79' lang='grc' dir='ltr'>μηδένα</span> <span class='ocrx_word' id='word_1_5' title='bbox 564 191 834 269; x_wconf 76' lang='grc' dir='ltr'>φονεύειν,</span> <span class='ocrx_word' id='word_1_6' title='bbox 860 192 1004 270; x_wconf 88' lang='grc' dir='ltr'>μήτε</span> <span class='ocrx_word' id='word_1_7' title='bbox 1034 197 1147 254; x_wconf 73' lang='grc' dir='ltr'>τῶν</span> <span class='ocrx_word' id='word_1_8' title='bbox 1181 192 1373 253; x_wconf 73' lang='grc' dir='ltr'>ἄλλ’ων</span> <span class='ocrx_word' id='word_1_9' title='bbox 1404 193 1673 269; x_wconf 89' lang='grc' dir='ltr'>Περσέων</span> <span class='ocrx_word' id='word_1_10' title='bbox 1706 192 1917 270; x_wconf 83' lang='grc' dir='ltr'>μηδένα</span> 
     </span>
     <span class='ocr_line' id='line_1_4' title="bbox 311 279 1918 358; baseline 0.001 -15"><span class='ocrx_word' id='word_1_11' title='bbox 311 287 423 343; x_wconf 81' lang='grc' dir='ltr'>τῶν</span> <span class='ocrx_word' id='word_1_12' title='bbox 449 285 650 341; x_wconf 84' lang='grc' dir='ltr'>ἑωυτοῦ</span> <span class='ocrx_word' id='word_1_13' title='bbox 688 282 938 340; x_wconf 82' lang='grc' dir='ltr'>οἰκετέων</span> <span class='ocrx_word' id='word_1_14' title='bbox 964 281 1055 340; x_wconf 85' lang='grc' dir='ltr'>ἐπὶ</span> <span class='ocrx_word' id='word_1_15' title='bbox 1083 284 1190 358; x_wconf 83' lang='grc' dir='ltr'>μιῇ</span> <span class='ocrx_word' id='word_1_16' title='bbox 1224 281 1372 358; x_wconf 81' lang='grc' dir='ltr'>αἰτίῃ</span> <span class='ocrx_word' id='word_1_17' title='bbox 1404 279 1713 356; x_wconf 74' lang='grc' dir='ltr'>ἀνήκεστον</span> <span class='ocrx_word' id='word_1_18' title='bbox 1736 281 1918 345; x_wconf 83' lang='grc' dir='ltr'>πάθος</span> 
     </span>
     <span class='ocr_line' id='line_1_5' title="bbox 316 367 1917 448; baseline 0.001 -21"><span class='ocrx_word' id='word_1_19' title='bbox 316 369 509 447; x_wconf 81' lang='grc' dir='ltr'>ἔρδειν·</span> <span class='ocrx_word' id='word_1_20' title='bbox 564 368 719 427; x_wconf 74' lang='grc' dir='ltr'>ἀλλὰ</span> <span class='ocrx_word' id='word_1_21' title='bbox 755 368 1132 448; x_wconf 79' lang='grc' dir='ltr'>λογισάμενος</span> <span class='ocrx_word' id='word_1_22' title='bbox 1170 367 1239 443; x_wconf 88' lang='grc' dir='ltr'>ἢν</span> <span class='ocrx_word' id='word_1_23' title='bbox 1278 367 1506 447; x_wconf 72' lang='grc' dir='ltr'>εὑρίσκῃ</span> <span class='ocrx_word' id='word_1_24' title='bbox 1540 369 1697 427; x_wconf 83' lang='grc' dir='ltr'>πλέω</span> <span class='ocrx_word' id='word_1_25' title='bbox 1726 394 1790 428; x_wconf 89' lang='grc' dir='ltr'>τε</span> <span class='ocrx_word' id='word_1_26' title='bbox 1824 369 1917 429; x_wconf 82' lang='grc' dir='ltr'>καὶ</span> 
     </span>
     <span class='ocr_line' id='line_1_6' title="bbox 311 455 1916 537; baseline -0.001 -20"><span class='ocrx_word' id='word_1_27' title='bbox 311 459 458 535; x_wconf 84' lang='grc' dir='ltr'>μέζω</span> <span class='ocrx_word' id='word_1_28' title='bbox 493 456 566 517; x_wconf 85' lang='grc' dir='ltr'>τοὶ</span> <span class='ocrx_word' id='word_1_29' title='bbox 602 455 916 533; x_wconf 74' lang='grc' dir='ltr'>ἀδικήματα</span> <span class='ocrx_word' id='word_1_30' title='bbox 956 456 1118 516; x_wconf 86' lang='grc' dir='ltr'>ἐόντα</span> <span class='ocrx_word' id='word_1_31' title='bbox 1151 461 1262 516; x_wconf 78' lang='grc' dir='ltr'>τῶν</span> <span class='ocrx_word' id='word_1_32' title='bbox 1286 455 1746 537; x_wconf 74' lang='grc' dir='ltr'>ὖπουργημάτων,</span> <span class='ocrx_word' id='word_1_33' title='bbox 1774 455 1916 516; x_wconf 78' lang='grc' dir='ltr'>οὕτω</span> 
     </span>
     <span class='ocr_line' id='line_1_7' title="bbox 312 542 1917 624; baseline -0.001 -20"><span class='ocrx_word' id='word_1_34' title='bbox 312 550 390 623; x_wconf 76' lang='grc' dir='ltr'>τῷ</span> <span class='ocrx_word' id='word_1_35' title='bbox 425 545 578 623; x_wconf 75' lang='grc' dir='ltr'>θυμῷ</span> <span class='ocrx_word' id='word_1_36' title='bbox 607 547 831 622; x_wconf 81' lang='grc' dir='ltr'>χρᾶται.</span> <span class='ocrx_word' id='word_1_37' title='bbox 898 543 1220 604; x_wconf 79' lang='grc' dir='ltr'>ἀποκτεῖναι</span> <span class='ocrx_word' id='word_1_38' title='bbox 1256 544 1317 603; x_wconf 79' lang='grc' dir='ltr'>δὲ</span> <span class='ocrx_word' id='word_1_39' title='bbox 1355 542 1551 604; x_wconf 73' lang='grc' dir='ltr'>οὐδένα</span> <span class='ocrx_word' id='word_1_40' title='bbox 1577 570 1653 603; x_wconf 90' lang='grc' dir='ltr'>κω</span> <span class='ocrx_word' id='word_1_41' title='bbox 1679 544 1917 624; x_wconf 67' lang='grc' dir='ltr'>λέγουσι</span> 
     </span>
     <span class='ocr_line' id='line_1_8' title="bbox 312 630 1916 709; baseline -0.001 -16"><span class='ocrx_word' id='word_1_42' title='bbox 312 632 412 693; x_wconf 82' lang='grc' dir='ltr'>τόν</span> <span class='ocrx_word' id='word_1_43' title='bbox 452 635 652 691; x_wconf 84' lang='grc' dir='ltr'>ἑωυτοῦ</span> <span class='ocrx_word' id='word_1_44' title='bbox 693 631 907 708; x_wconf 83' lang='grc' dir='ltr'>πατέρα</span> <span class='ocrx_word' id='word_1_45' title='bbox 947 631 1073 691; x_wconf 75' lang='grc' dir='ltr'>οὐδὲ</span> <span class='ocrx_word' id='word_1_46' title='bbox 1116 632 1351 709; x_wconf 88' lang='grc' dir='ltr'>μητέρα·</span> <span class='ocrx_word' id='word_1_47' title='bbox 1403 630 1559 690; x_wconf 70' lang='grc' dir='ltr'>ἀλλὰ</span> <span class='ocrx_word' id='word_1_48' title='bbox 1594 630 1775 691; x_wconf 83' lang='grc' dir='ltr'>ὁκόσα</span> <span class='ocrx_word' id='word_1_49' title='bbox 1807 631 1916 708; x_wconf 85' lang='grc' dir='ltr'>ἤδη</span> 
     </span>
     <span class='ocr_line' id='line_1_9' title="bbox 312 716 1917 801; baseline 0 -22"><span class='ocrx_word' id='word_1_50' title='bbox 312 723 542 779; x_wconf 83' lang='grc' dir='ltr'>τοιαῦτα</span> <span class='ocrx_word' id='word_1_51' title='bbox 578 718 811 800; x_wconf 85' lang='grc' dir='ltr'>ἐγένετο,</span> <span class='ocrx_word' id='word_1_52' title='bbox 838 721 1033 779; x_wconf 75' lang='grc' dir='ltr'>πᾶσαν</span> <span class='ocrx_word' id='word_1_53' title='bbox 1058 717 1305 801; x_wconf 75' lang='grc' dir='ltr'>ἀνάγκην</span> <span class='ocrx_word' id='word_1_54' title='bbox 1332 719 1481 794; x_wconf 83' lang='grc' dir='ltr'>φασὶ</span> <span class='ocrx_word' id='word_1_55' title='bbox 1506 716 1917 795; x_wconf 74' lang='grc' dir='ltr'>ἀναζητεόμενα</span> 
     </span>
     <span class='ocr_line' id='line_1_10' title="bbox 311 805 1917 884; baseline 0 -18"><span class='ocrx_word' id='word_1_56' title='bbox 311 812 487 867; x_wconf 84' lang='grc' dir='ltr'>ταῦτα</span> <span class='ocrx_word' id='word_1_57' title='bbox 526 805 883 884; x_wconf 77' lang='grc' dir='ltr'>ἀνευρεθῆναι</span> <span class='ocrx_word' id='word_1_58' title='bbox 921 805 1050 882; x_wconf 83' lang='grc' dir='ltr'>ἤτοι</span> <span class='ocrx_word' id='word_1_59' title='bbox 1088 806 1484 883; x_wconf 77' lang='grc' dir='ltr'>ὖποβολιμαῖα</span> <span class='ocrx_word' id='word_1_60' title='bbox 1525 806 1686 867; x_wconf 87' lang='grc' dir='ltr'>ἐόντα</span> <span class='ocrx_word' id='word_1_61' title='bbox 1723 806 1761 883; x_wconf 84' lang='grc' dir='ltr'>ἢ</span> <span class='ocrx_word' id='word_1_62' title='bbox 1792 832 1917 882; x_wconf 82' lang='grc' dir='ltr'>μοι·</span> 
     </span>
     <span class='ocr_line' id='line_1_11' title="bbox 311 893 1916 1004; baseline 0.003 -51"><span class='ocrx_word' id='word_1_63' title='bbox 311 895 482 973; x_wconf 86' lang='grc' dir='ltr'>χίδια·</span> <span class='ocrx_word' id='word_1_64' title='bbox 525 894 590 953; x_wconf 82' lang='grc' dir='ltr'>οὖ</span> <span class='ocrx_word' id='word_1_65' title='bbox 626 894 738 1004; x_wconf 72' lang='grc' dir='ltr'>γὰρ</span> <span class='ocrx_word' id='word_1_66' title='bbox 778 894 848 970; x_wconf 82' lang='grc' dir='ltr'>δὴ</span> <span class='ocrx_word' id='word_1_67' title='bbox 885 896 1036 971; x_wconf 90' lang='grc' dir='ltr'>φασὶ</span> <span class='ocrx_word' id='word_1_68' title='bbox 1069 894 1218 959; x_wconf 81' lang='grc' dir='ltr'>οἰκὸς</span> <span class='ocrx_word' id='word_1_69' title='bbox 1259 894 1398 954; x_wconf 83' lang='grc' dir='ltr'>εἶναι</span> <span class='ocrx_word' id='word_1_70' title='bbox 1431 893 1531 954; x_wconf 88' lang='grc' dir='ltr'>τόν</span> <span class='ocrx_word' id='word_1_71' title='bbox 1559 921 1628 975; x_wconf 92' lang='grc' dir='ltr'>γε</span> <span class='ocrx_word' id='word_1_72' title='bbox 1665 894 1916 971; x_wconf 75' lang='grc' dir='ltr'>ἀληθέως</span> 
     </span>
    </p>

    <p class='ocr_par' dir='ltr' id='par_1_4' title="bbox 221 981 1918 2201">
     <span class='ocr_line' id='line_1_12' title="bbox 221 981 1916 1058; baseline -0.001 -15"><span class='ocrx_word' id='word_1_73' title='bbox 221 985 335 1043; x_wconf 87' lang='grc'>138</span> <span class='ocrx_word' id='word_1_74' title='bbox 351 983 517 1042; x_wconf 90' lang='grc' dir='ltr'>τοκέα</span> <span class='ocrx_word' id='word_1_75' title='bbox 540 981 649 1041; x_wconf 77' lang='grc' dir='ltr'>ὕπο</span> <span class='ocrx_word' id='word_1_76' title='bbox 675 985 775 1041; x_wconf 84' lang='grc' dir='ltr'>τοῦ</span> <span class='ocrx_word' id='word_1_77' title='bbox 803 986 1003 1042; x_wconf 78' lang='grc' dir='ltr'>ἑωυτοῦ</span> <span class='ocrx_word' id='word_1_78' title='bbox 1038 981 1237 1047; x_wconf 88' lang='grc' dir='ltr'>παιδος</span> <span class='ocrx_word' id='word_1_79' title='bbox 1263 982 1657 1058; x_wconf 73' lang='grc' dir='ltr'>ἀποθνήσκειν.</span> <span class='ocrx_word' id='word_1_80' title='bbox 1714 982 1916 1043; x_wconf 91' lang='grc' dir='ltr'>Ασσα</span> 
     </span>
     <span class='ocr_line' id='line_1_13' title="bbox 313 1069 1912 1152; baseline 0.002 -24"><span class='ocrx_word' id='word_1_81' title='bbox 313 1070 376 1128; x_wconf 88' lang='grc' dir='ltr'>δέ</span> <span class='ocrx_word' id='word_1_82' title='bbox 405 1077 519 1148; x_wconf 85' lang='grc' dir='ltr'>σφι</span> <span class='ocrx_word' id='word_1_83' title='bbox 552 1070 761 1152; x_wconf 80' lang='grc' dir='ltr'>ποιέειν</span> <span class='ocrx_word' id='word_1_84' title='bbox 787 1096 887 1130; x_wconf 92' lang='grc' dir='ltr'>ουκ</span> <span class='ocrx_word' id='word_1_85' title='bbox 915 1071 1115 1141; x_wconf 78' lang='grc' dir='ltr'>ἔξεστι,</span> <span class='ocrx_word' id='word_1_86' title='bbox 1143 1075 1320 1132; x_wconf 84' lang='grc' dir='ltr'>ταῦτα</span> <span class='ocrx_word' id='word_1_87' title='bbox 1346 1069 1471 1129; x_wconf 77' lang='grc' dir='ltr'>οὐδε</span> <span class='ocrx_word' id='word_1_88' title='bbox 1495 1071 1684 1152; x_wconf 85' lang='grc' dir='ltr'>λέγειν</span> <span class='ocrx_word' id='word_1_89' title='bbox 1711 1071 1912 1141; x_wconf 78' lang='grc' dir='ltr'>ἔξεστι.</span> 
     </span>
     <span class='ocr_line' id='line_1_14' title="bbox 312 1157 1914 1237; baseline 0.002 -21"><span class='ocrx_word' id='word_1_90' title='bbox 312 1158 616 1237; x_wconf 81' lang='grc' dir='ltr'>αἴσχιστον</span> <span class='ocrx_word' id='word_1_91' title='bbox 643 1157 702 1216; x_wconf 84' lang='grc' dir='ltr'>δὲ</span> <span class='ocrx_word' id='word_1_92' title='bbox 734 1157 955 1219; x_wconf 80' lang='grc' dir='ltr'>αὖτοισι</span> <span class='ocrx_word' id='word_1_93' title='bbox 980 1184 1047 1219; x_wconf 91' lang='grc' dir='ltr'>το</span> <span class='ocrx_word' id='word_1_94' title='bbox 1073 1159 1381 1237; x_wconf 83' lang='grc' dir='ltr'>ψεύδεσθαι</span> <span class='ocrx_word' id='word_1_95' title='bbox 1413 1157 1755 1235; x_wconf 82' lang='grc' dir='ltr'>νενόμισται·</span> <span class='ocrx_word' id='word_1_96' title='bbox 1797 1159 1914 1219; x_wconf 81' lang='grc' dir='ltr'>δεύ-</span> 
     </span>
     <span class='ocr_line' id='line_1_15' title="bbox 309 1244 1912 1325; baseline 0.002 -21"><span class='ocrx_word' id='word_1_97' title='bbox 309 1271 445 1323; x_wconf 87' lang='grc' dir='ltr'>τερα</span> <span class='ocrx_word' id='word_1_98' title='bbox 473 1245 533 1304; x_wconf 81' lang='grc' dir='ltr'>δὲ</span> <span class='ocrx_word' id='word_1_99' title='bbox 571 1244 638 1305; x_wconf 82' lang='grc' dir='ltr'><strong><em>τό</em></strong></span> <span class='ocrx_word' id='word_1_100' title='bbox 680 1244 933 1322; x_wconf 86' lang='grc' dir='ltr'>οφείλειν</span> <span class='ocrx_word' id='word_1_101' title='bbox 972 1248 1156 1325; x_wconf 84' lang='grc' dir='ltr'>χρέος,</span> <span class='ocrx_word' id='word_1_102' title='bbox 1189 1249 1423 1306; x_wconf 79' lang='grc' dir='ltr'>πολλῶν</span> <span class='ocrx_word' id='word_1_103' title='bbox 1446 1248 1552 1322; x_wconf 80' lang='grc' dir='ltr'>μὲν</span> <span class='ocrx_word' id='word_1_104' title='bbox 1589 1247 1682 1304; x_wconf 86' lang='grc' dir='ltr'>καὶ</span> <span class='ocrx_word' id='word_1_105' title='bbox 1717 1245 1912 1307; x_wconf 79' lang='grc' dir='ltr'>ἄλλων</span> 
     </span>
     <span class='ocr_line' id='line_1_16' title="bbox 312 1332 1913 1415; baseline 0.002 -24"><span class='ocrx_word' id='word_1_106' title='bbox 312 1334 508 1403; x_wconf 82' lang='grc' dir='ltr'>εἵνεκα,</span> <span class='ocrx_word' id='word_1_107' title='bbox 534 1332 791 1410; x_wconf 83' lang='grc' dir='ltr'>μάλιστα</span> <span class='ocrx_word' id='word_1_108' title='bbox 831 1334 891 1393; x_wconf 80' lang='grc' dir='ltr'>δὲ</span> <span class='ocrx_word' id='word_1_109' title='bbox 930 1333 1235 1415; x_wconf 71' lang='grc' dir='ltr'>οῗναγκαίην</span> <span class='ocrx_word' id='word_1_110' title='bbox 1276 1334 1426 1409; x_wconf 89' lang='grc' dir='ltr'>φασὶ</span> <span class='ocrx_word' id='word_1_111' title='bbox 1457 1333 1595 1394; x_wconf 85' lang='grc' dir='ltr'>εἶναι</span> <span class='ocrx_word' id='word_1_112' title='bbox 1624 1333 1724 1393; x_wconf 80' lang='grc' dir='ltr'>τόν</span> <span class='ocrx_word' id='word_1_113' title='bbox 1759 1334 1913 1410; x_wconf 84' lang='grc' dir='ltr'>ὀφεί-</span> 
     </span>
     <span class='ocr_line' id='line_1_17' title="bbox 310 1418 1914 1503; baseline 0.001 -24"><span class='ocrx_word' id='word_1_114' title='bbox 310 1423 487 1481; x_wconf 89' lang='grc' dir='ltr'>λοντα</span> <span class='ocrx_word' id='word_1_115' title='bbox 526 1422 623 1480; x_wconf 88' lang='grc' dir='ltr'>καί</span> <span class='ocrx_word' id='word_1_116' title='bbox 656 1447 712 1481; x_wconf 90' lang='grc' dir='ltr'>τι</span> <span class='ocrx_word' id='word_1_117' title='bbox 751 1422 952 1499; x_wconf 83' lang='grc' dir='ltr'>ψεῦδος</span> <span class='ocrx_word' id='word_1_118' title='bbox 992 1422 1198 1503; x_wconf 88' lang='grc' dir='ltr'>λέγειν.</span> <span class='ocrx_word' id='word_1_119' title='bbox 1279 1419 1342 1483; x_wconf 76' lang='grc' dir='ltr'>ὃς</span> <span class='ocrx_word' id='word_1_120' title='bbox 1379 1418 1448 1480; x_wconf 79' lang='grc' dir='ltr'>ἂν</span> <span class='ocrx_word' id='word_1_121' title='bbox 1487 1420 1548 1479; x_wconf 85' lang='grc' dir='ltr'>δὲ</span> <span class='ocrx_word' id='word_1_122' title='bbox 1585 1425 1696 1481; x_wconf 80' lang='grc' dir='ltr'>τῶν</span> <span class='ocrx_word' id='word_1_123' title='bbox 1726 1420 1914 1481; x_wconf 80' lang='grc' dir='ltr'>οἷστῶν</span> 
     </span>
     <span class='ocr_line' id='line_1_18' title="bbox 309 1507 1910 1589; baseline 0 -21"><span class='ocrx_word' id='word_1_124' title='bbox 309 1509 524 1587; x_wconf 87' lang='grc' dir='ltr'>λέπρην</span> <span class='ocrx_word' id='word_1_125' title='bbox 558 1507 596 1584; x_wconf 85' lang='grc' dir='ltr'>ἢ</span> <span class='ocrx_word' id='word_1_126' title='bbox 627 1508 832 1584; x_wconf 81' lang='grc' dir='ltr'>λεύκην</span> <span class='ocrx_word' id='word_1_127' title='bbox 857 1511 973 1589; x_wconf 86' lang='grc' dir='ltr'><strong>ἔχῃ,</strong></span> <span class='ocrx_word' id='word_1_128' title='bbox 993 1514 1057 1572; x_wconf 86' lang='grc' dir='ltr'>ἐς</span> <span class='ocrx_word' id='word_1_129' title='bbox 1079 1509 1251 1569; x_wconf 88' lang='grc' dir='ltr'>πόλιν</span> <span class='ocrx_word' id='word_1_130' title='bbox 1285 1507 1446 1572; x_wconf 81' lang='grc' dir='ltr'>οὗτος</span> <span class='ocrx_word' id='word_1_131' title='bbox 1471 1509 1537 1567; x_wconf 76' lang='grc' dir='ltr'>οὔ</span> <span class='ocrx_word' id='word_1_132' title='bbox 1567 1510 1910 1589; x_wconf 83' lang='grc' dir='ltr'>κατέρχεται,</span> 
     </span>
     <span class='ocr_line' id='line_1_19' title="bbox 312 1594 1918 1677; baseline 0.001 -22"><span class='ocrx_word' id='word_1_133' title='bbox 312 1594 438 1656; x_wconf 78' lang='grc' dir='ltr'>οὐδὲ</span> <span class='ocrx_word' id='word_1_134' title='bbox 478 1597 858 1677; x_wconf 84' lang='grc' dir='ltr'>συμμίσγεται</span> <span class='ocrx_word' id='word_1_135' title='bbox 892 1601 1046 1657; x_wconf 85' lang='grc' dir='ltr'>τοῖσι</span> <span class='ocrx_word' id='word_1_136' title='bbox 1071 1594 1309 1656; x_wconf 75' lang='grc' dir='ltr'>ἄλλοισι</span> <span class='ocrx_word' id='word_1_137' title='bbox 1333 1596 1620 1674; x_wconf 88' lang='grc' dir='ltr'>Πέρσῃσι·</span> <span class='ocrx_word' id='word_1_138' title='bbox 1662 1598 1814 1672; x_wconf 89' lang='grc' dir='ltr'>φασὶ</span> <span class='ocrx_word' id='word_1_139' title='bbox 1853 1597 1918 1658; x_wconf 86' lang='grc' dir='ltr'>δέ</span> 
     </span>
     <span class='ocr_line' id='line_1_20' title="bbox 311 1682 1915 1762; baseline -0.001 -15"><span class='ocrx_word' id='word_1_140' title='bbox 311 1708 409 1762; x_wconf 69' lang='grc' dir='ltr'>μιν</span> <span class='ocrx_word' id='word_1_141' title='bbox 435 1688 489 1747; x_wconf 85' lang='grc' dir='ltr'>ἐς</span> <span class='ocrx_word' id='word_1_142' title='bbox 512 1682 612 1743; x_wconf 75' lang='grc' dir='ltr'>τὸν</span> <span class='ocrx_word' id='word_1_143' title='bbox 636 1683 801 1759; x_wconf 87' lang='grc' dir='ltr'>ἥλιον</span> <span class='ocrx_word' id='word_1_144' title='bbox 821 1683 1141 1761; x_wconf 74' lang='grc' dir='ltr'>ἁμαρτόντα</span> <span class='ocrx_word' id='word_1_145' title='bbox 1162 1710 1220 1744; x_wconf 91' lang='grc' dir='ltr'>τι</span> <span class='ocrx_word' id='word_1_146' title='bbox 1244 1686 1422 1744; x_wconf 83' lang='grc' dir='ltr'>ταῦτα</span> <span class='ocrx_word' id='word_1_147' title='bbox 1450 1684 1614 1762; x_wconf 85' lang='grc' dir='ltr'>ἔχειν·</span> <span class='ocrx_word' id='word_1_148' title='bbox 1656 1683 1836 1753; x_wconf 79' lang='grc' dir='ltr'>ξεῖνον</span> <span class='ocrx_word' id='word_1_149' title='bbox 1853 1684 1915 1745; x_wconf 79' lang='grc' dir='ltr'>δὲ</span> 
     </span>
     <span class='ocr_line' id='line_1_21' title="bbox 309 1769 1913 1848; baseline 0.001 -19"><span class='ocrx_word' id='word_1_150' title='bbox 309 1771 491 1831; x_wconf 80' lang='grc' dir='ltr'>πάντα</span> <span class='ocrx_word' id='word_1_151' title='bbox 533 1769 635 1830; x_wconf 77' lang='grc' dir='ltr'>τᾶν</span> <span class='ocrx_word' id='word_1_152' title='bbox 680 1771 1118 1848; x_wconf 83' lang='grc' dir='ltr'>λαμβανόμενον</span> <span class='ocrx_word' id='word_1_153' title='bbox 1157 1771 1269 1832; x_wconf 56' lang='lat' dir='ltr'>Bm}</span> <span class='ocrx_word' id='word_1_154' title='bbox 1313 1770 1523 1831; x_wconf 81' lang='grc' dir='ltr'>τούτων</span> <span class='ocrx_word' id='word_1_155' title='bbox 1563 1772 1776 1831; x_wconf 68' lang='grc' dir='ltr'>πολλοὶΙ</span> <span class='ocrx_word' id='word_1_156' title='bbox 1820 1773 1913 1832; x_wconf 87' lang='grc' dir='ltr'>καὶ</span> 
     </span>
     <span class='ocr_line' id='line_1_22' title="bbox 310 1856 1909 1938; baseline 0.001 -21"><span class='ocrx_word' id='word_1_157' title='bbox 310 1856 609 1918; x_wconf 81' lang='grc' dir='ltr'>ἐλαύνουσι</span> <span class='ocrx_word' id='word_1_158' title='bbox 645 1862 705 1916; x_wconf 87' lang='grc' dir='ltr'>ἐκ</span> <span class='ocrx_word' id='word_1_159' title='bbox 735 1863 836 1934; x_wconf 88' lang='grc' dir='ltr'>τῆς</span> <span class='ocrx_word' id='word_1_160' title='bbox 861 1858 1059 1938; x_wconf 82' lang='grc' dir='ltr'>χώρης,</span> <span class='ocrx_word' id='word_1_161' title='bbox 1088 1860 1182 1918; x_wconf 85' lang='grc' dir='ltr'>καὶ</span> <span class='ocrx_word' id='word_1_162' title='bbox 1206 1858 1308 1921; x_wconf 70' lang='grc' dir='ltr'>τοῖς</span> <span class='ocrx_word' id='word_1_163' title='bbox 1331 1858 1534 1922; x_wconf 69' lang='grc' dir='ltr'>λευκοῖς</span> <span class='ocrx_word' id='word_1_164' title='bbox 1558 1859 1909 1938; x_wconf 71' lang='grc' dir='ltr'>περιστερὰς,</span> 
     </span>
     <span class='ocr_line' id='line_1_23' title="bbox 307 1944 1912 2024; baseline 0.003 -21"><span class='ocrx_word' id='word_1_165' title='bbox 307 1944 413 2021; x_wconf 77' lang='grc' dir='ltr'>τὴν</span> <span class='ocrx_word' id='word_1_166' title='bbox 449 1944 622 2020; x_wconf 74' lang='grc' dir='ltr'>αὐτὴν</span> <span class='ocrx_word' id='word_1_167' title='bbox 657 1946 838 2022; x_wconf 80' lang='grc' dir='ltr'>αἰτίην</span> <span class='ocrx_word' id='word_1_168' title='bbox 870 1948 1247 2024; x_wconf 78' lang='grc' dir='ltr'>ἐπιφέροντες.</span> <span class='ocrx_word' id='word_1_169' title='bbox 1315 1951 1371 2009; x_wconf 87' lang='grc' dir='ltr'>ἐς</span> <span class='ocrx_word' id='word_1_170' title='bbox 1408 1945 1677 2024; x_wconf 50' lang='grc' dir='ltr'>ποταμὸνι</span> <span class='ocrx_word' id='word_1_171' title='bbox 1695 1946 1756 2005; x_wconf 82' lang='grc' dir='ltr'>δὲ</span> <span class='ocrx_word' id='word_1_172' title='bbox 1785 1945 1912 2008; x_wconf 75' lang='grc' dir='ltr'>οὔτε</span> 
     </span>
     <span class='ocr_line' id='line_1_24' title="bbox 309 2030 1909 2113; baseline -0.001 -19"><span class='ocrx_word' id='word_1_173' title='bbox 309 2033 625 2110; x_wconf 80' lang='grc' dir='ltr'>ἐνουρέουσι</span> <span class='ocrx_word' id='word_1_174' title='bbox 656 2030 782 2093; x_wconf 78' lang='grc' dir='ltr'>οὔτε</span> <span class='ocrx_word' id='word_1_175' title='bbox 815 2033 1141 2112; x_wconf 79' lang='grc' dir='ltr'>ἐμπτύουσι,</span> <span class='ocrx_word' id='word_1_176' title='bbox 1169 2033 1234 2095; x_wconf 79' lang='grc' dir='ltr'>οὗ</span> <span class='ocrx_word' id='word_1_177' title='bbox 1259 2038 1451 2113; x_wconf 82' lang='grc' dir='ltr'>χεῖρας</span> <span class='ocrx_word' id='word_1_178' title='bbox 1484 2033 1909 2109; x_wconf 83' lang='grc' dir='ltr'>ἐναπονίζονται,</span> 
     </span>
     <span class='ocr_line' id='line_1_25' title="bbox 308 2119 1912 2201; baseline 0.001 -20"><span class='ocrx_word' id='word_1_179' title='bbox 308 2119 434 2181; x_wconf 68' lang='grc' dir='ltr'>οὐδὲ</span> <span class='ocrx_word' id='word_1_180' title='bbox 461 2119 644 2180; x_wconf 76' lang='grc' dir='ltr'>ἄλλον</span> <span class='ocrx_word' id='word_1_181' title='bbox 668 2121 865 2181; x_wconf 76' lang='grc' dir='ltr'>οὐδένα</span> <span class='ocrx_word' id='word_1_182' title='bbox 887 2123 1235 2201; x_wconf 88' lang='grc' dir='ltr'>περιορέωσι,</span> <span class='ocrx_word' id='word_1_183' title='bbox 1264 2121 1420 2180; x_wconf 73' lang='grc' dir='ltr'>ἀλλὰ</span> <span class='ocrx_word' id='word_1_184' title='bbox 1445 2121 1717 2197; x_wconf 86' lang='grc' dir='ltr'>σέβονται</span> <span class='ocrx_word' id='word_1_185' title='bbox 1742 2147 1912 2182; x_wconf 89' lang='grc' dir='ltr'>ποτα-</span> 
     </span>
    </p>

    <p class='ocr_par' dir='ltr' id='par_1_5' title="bbox 216 2207 1913 2640">
     <span class='ocr_line' id='line_1_26' title="bbox 216 2207 1911 2286; baseline 0 -19"><span class='ocrx_word' id='word_1_186' title='bbox 216 2210 327 2269; x_wconf 90' lang='grc'>139</span> <span class='ocrx_word' id='word_1_187' title='bbox 349 2208 489 2285; x_wconf 74' lang='grc' dir='ltr'>μοῦς</span> <span class='ocrx_word' id='word_1_188' title='bbox 534 2208 810 2286; x_wconf 77' lang='grc' dir='ltr'>μάλιστα.</span> <span class='ocrx_word' id='word_1_189' title='bbox 892 2212 1010 2270; x_wconf 83' lang='grc' dir='ltr'>Καὶ</span> <span class='ocrx_word' id='word_1_190' title='bbox 1048 2210 1176 2271; x_wconf 86' lang='grc' dir='ltr'>τόδε</span> <span class='ocrx_word' id='word_1_191' title='bbox 1215 2209 1365 2269; x_wconf 83' lang='grc' dir='ltr'>α”λλο</span> <span class='ocrx_word' id='word_1_192' title='bbox 1406 2214 1520 2285; x_wconf 90' lang='grc' dir='ltr'>σφι</span> <span class='ocrx_word' id='word_1_193' title='bbox 1558 2207 1664 2267; x_wconf 61' lang='grc' dir='ltr'>,ὧδε</span> <span class='ocrx_word' id='word_1_194' title='bbox 1699 2210 1911 2285; x_wconf 89' lang='grc' dir='ltr'>συμπέ-</span> 
     </span>
     <span class='ocr_line' id='line_1_27' title="bbox 309 2292 1912 2406; baseline 0.001 -51"><span class='ocrx_word' id='word_1_195' title='bbox 309 2321 493 2356; x_wconf 89' lang='grc' dir='ltr'>πτωκε</span> <span class='ocrx_word' id='word_1_196' title='bbox 516 2292 791 2406; x_wconf 56' lang='grc' dir='ltr'>γίνεσθαι,</span> <span class='ocrx_word' id='word_1_197' title='bbox 818 2297 885 2358; x_wconf 75' lang='grc' dir='ltr'>τὰ</span> <span class='ocrx_word' id='word_1_198' title='bbox 913 2299 1146 2376; x_wconf 88' lang='grc' dir='ltr'>Πέρσας</span> <span class='ocrx_word' id='word_1_199' title='bbox 1168 2323 1273 2374; x_wconf 87' lang='grc' dir='ltr'>μεν</span> <span class='ocrx_word' id='word_1_200' title='bbox 1288 2296 1487 2360; x_wconf 77' lang='grc' dir='ltr'>αὐτους</span> <span class='ocrx_word' id='word_1_201' title='bbox 1514 2296 1774 2372; x_wconf 84' lang='grc' dir='ltr'>λέληθε</span> <span class='ocrx_word' id='word_1_202' title='bbox 1736 2297 1912 2372; x_wconf 89' lang='grc' dir='ltr'>ημέας</span> 
     </span>
     <span class='ocr_line' id='line_1_28' title="bbox 305 2382 1912 2475; baseline 0 -31"><span class='ocrx_word' id='word_1_203' title='bbox 305 2385 499 2461; x_wconf 88' lang='grc' dir='ltr'>μέντοι</span> <span class='ocrx_word' id='word_1_204' title='bbox 536 2383 622 2443; x_wconf 81' lang='grc' dir='ltr'>οὔ·</span> <span class='ocrx_word' id='word_1_205' title='bbox 663 2411 735 2445; x_wconf 90' lang='grc' dir='ltr'>τα</span> <span class='ocrx_word' id='word_1_206' title='bbox 775 2385 1055 2462; x_wconf 80' lang='grc' dir='ltr'>ουνόματά</span> <span class='ocrx_word' id='word_1_207' title='bbox 1082 2393 1213 2475; x_wconf 85' lang='grc' dir='ltr'>σφι,</span> <span class='ocrx_word' id='word_1_208' title='bbox 1243 2382 1403 2446; x_wconf 87' lang='grc' dir='ltr'>ἐόντα</span> <span class='ocrx_word' id='word_1_209' title='bbox 1430 2383 1599 2460; x_wconf 78' lang='grc' dir='ltr'>ὁμοῖα</span> <span class='ocrx_word' id='word_1_210' title='bbox 1622 2388 1778 2444; x_wconf 84' lang='grc' dir='ltr'>τοῖσι</span> <span class='ocrx_word' id='word_1_211' title='bbox 1801 2384 1912 2444; x_wconf 73' lang='grc' dir='ltr'>σώ-</span> 
     </span>
     <span class='ocr_line' id='line_1_29' title="bbox 305 2468 1913 2553; baseline 0.001 -23"><span class='ocrx_word' id='word_1_212' title='bbox 305 2497 453 2548; x_wconf 88' lang='grc' dir='ltr'>μασι</span> <span class='ocrx_word' id='word_1_213' title='bbox 497 2473 589 2531; x_wconf 86' lang='grc' dir='ltr'>καὶ</span> <span class='ocrx_word' id='word_1_214' title='bbox 630 2476 703 2549; x_wconf 86' lang='grc' dir='ltr'>τῇ</span> <span class='ocrx_word' id='word_1_215' title='bbox 751 2468 1224 2553; x_wconf 80' lang='grc' dir='ltr'>μεγαλοπρεπείῃ,</span> <span class='ocrx_word' id='word_1_216' title='bbox 1269 2475 1574 2532; x_wconf 79' lang='grc' dir='ltr'>τελευτωσι</span> <span class='ocrx_word' id='word_1_217' title='bbox 1627 2471 1810 2532; x_wconf 80' lang='grc' dir='ltr'>πάντα</span> <span class='ocrx_word' id='word_1_218' title='bbox 1856 2477 1913 2536; x_wconf 88' lang='grc' dir='ltr'>ἐς</span> 
     </span>
     <span class='ocr_line' id='line_1_30' title="bbox 306 2558 1912 2640; baseline 0.001 -22"><span class='ocrx_word' id='word_1_219' title='bbox 306 2558 483 2619; x_wconf 81' lang='grc' dir='ltr'>τωυτό</span> <span class='ocrx_word' id='word_1_220' title='bbox 523 2559 775 2640; x_wconf 81' lang='grc' dir='ltr'>γράμμα,</span> <span class='ocrx_word' id='word_1_221' title='bbox 800 2560 867 2621; x_wconf 82' lang='grc' dir='ltr'>τὸ</span> <span class='ocrx_word' id='word_1_222' title='bbox 896 2562 1134 2637; x_wconf 85' lang='grc' dir='ltr'>Δωριέες</span> <span class='ocrx_word' id='word_1_223' title='bbox 1164 2562 1270 2637; x_wconf 81' lang='grc' dir='ltr'>μὲν</span> <span class='ocrx_word' id='word_1_224' title='bbox 1297 2559 1415 2624; x_wconf 82' lang='grc' dir='ltr'>Σοὶν</span> <span class='ocrx_word' id='word_1_225' title='bbox 1441 2559 1711 2619; x_wconf 86' lang='grc' dir='ltr'>καλέουσι</span> <span class='ocrx_word' id='word_1_226' title='bbox 1726 2559 1912 2624; x_wconf 86' lang='grc' dir='ltr'>Ἴωνες</span> 
     </span>
    </p>

    <p class='ocr_par' dir='ltr' id='par_1_6' title="bbox 306 2645 1912 2897">
     <span class='ocr_line' id='line_1_31' title="bbox 306 2645 1912 2758; baseline 0.003 -54.092"><span class='ocrx_word' id='word_1_227' title='bbox 306 2645 367 2704; x_wconf 81' lang='grc' dir='ltr'>δὲ</span> <span class='ocrx_word' id='word_1_228' title='bbox 406 2646 613 2726; x_wconf 80' lang='grc' dir='ltr'>Σίγμα·</span> <span class='ocrx_word' id='word_1_229' title='bbox 663 2652 719 2709; x_wconf 85' lang='grc' dir='ltr'>ἐς</span> <span class='ocrx_word' id='word_1_230' title='bbox 752 2651 919 2707; x_wconf 86' lang='grc' dir='ltr'>τοῦτο</span> <span class='ocrx_word' id='word_1_231' title='bbox 960 2648 1249 2725; x_wconf 83' lang='grc' dir='ltr'>διζήμενος</span> <span class='ocrx_word' id='word_1_232' title='bbox 1285 2646 1541 2758; x_wconf 60' lang='grc' dir='ltr'>εὖρησεις</span> <span class='ocrx_word' id='word_1_233' title='bbox 1568 2651 1912 2708; x_wconf 77' lang='grc' dir='ltr'>τελευτῶντα.</span> 
     </span>
     <span class='ocr_line' id='line_1_32' title="bbox 306 2733 1912 2813; baseline 0.002 -21"><span class='ocrx_word' id='word_1_234' title='bbox 306 2736 418 2793; x_wconf 79' lang='grc' dir='ltr'>τῶν</span> <span class='ocrx_word' id='word_1_235' title='bbox 445 2734 714 2810; x_wconf 91' lang='grc' dir='ltr'>Περσέων</span> <span class='ocrx_word' id='word_1_236' title='bbox 739 2733 813 2795; x_wconf 86' lang='grc' dir='ltr'>τοὶ</span> <span class='ocrx_word' id='word_1_237' title='bbox 838 2733 1137 2813; x_wconf 88' lang='grc' dir='ltr'>ουνόματα,</span> <span class='ocrx_word' id='word_1_238' title='bbox 1156 2734 1221 2795; x_wconf 80' lang='grc' dir='ltr'>οὗ</span> <span class='ocrx_word' id='word_1_239' title='bbox 1245 2761 1319 2795; x_wconf 92' lang='grc' dir='ltr'>τα</span> <span class='ocrx_word' id='word_1_240' title='bbox 1342 2738 1448 2812; x_wconf 86' lang='grc' dir='ltr'>μὲν</span> <span class='ocrx_word' id='word_1_241' title='bbox 1470 2735 1544 2795; x_wconf 85' lang='grc' dir='ltr'>τοὶ</span> <span class='ocrx_word' id='word_1_242' title='bbox 1569 2735 1630 2794; x_wconf 82' lang='grc' dir='ltr'>δὲ</span> <span class='ocrx_word' id='word_1_243' title='bbox 1655 2762 1737 2807; x_wconf 91' lang='grc' dir='ltr'>ου,</span> <span class='ocrx_word' id='word_1_244' title='bbox 1755 2734 1912 2801; x_wconf 77' lang='grc' dir='ltr'>α’λλᾶ</span> 
     </span>
     <span class='ocr_line' id='line_1_33' title="bbox 259 2819 738 2901; baseline 0.012 -22.622"><span class='ocrx_word' id='word_1_245' title='bbox 259 2819 493 2901; x_wconf 77' lang='grc' dir='ltr'>πάντα</span> <span class='ocrx_word' id='word_1_246' title='bbox 483 2821 738 2897; x_wconf 78' lang='grc' dir='ltr'>ὁμοίως.</span> 
     </span>
    </p>

    <p class='ocr_par' dir='ltr' id='par_1_7' title="bbox 216 2908 1914 3340">
     <span class='ocr_line' id='line_1_34' title="bbox 216 2908 1910 2989; baseline 0.002 -22"><span class='ocrx_word' id='word_1_247' title='bbox 216 2909 329 2968; x_wconf 84' lang='grc'>140</span> <span class='ocrx_word' id='word_1_248' title='bbox 426 2911 615 2968; x_wconf 82' lang='grc' dir='ltr'>Ταῦτα</span> <span class='ocrx_word' id='word_1_249' title='bbox 638 2911 744 2986; x_wconf 81' lang='grc' dir='ltr'>μὲν</span> <span class='ocrx_word' id='word_1_250' title='bbox 768 2908 1034 2987; x_wconf 74' lang='grc' dir='ltr'>ἀτρεκέως</span> <span class='ocrx_word' id='word_1_251' title='bbox 1058 2910 1167 2989; x_wconf 81' lang='grc' dir='ltr'>ἔχω</span> <span class='ocrx_word' id='word_1_252' title='bbox 1191 2909 1320 2987; x_wconf 83' lang='grc' dir='ltr'>περὶ</span> <span class='ocrx_word' id='word_1_253' title='bbox 1345 2934 1526 2970; x_wconf 91' lang='grc' dir='ltr'>αυτων</span> <span class='ocrx_word' id='word_1_254' title='bbox 1547 2909 1699 2973; x_wconf 89' lang='grc' dir='ltr'>εἰδως</span> <span class='ocrx_word' id='word_1_255' title='bbox 1719 2912 1910 2970; x_wconf 80' lang='grc' dir='ltr'>εἰπεῖν·</span> 
     </span>
     <span class='ocr_line' id='line_1_35' title="bbox 304 2994 1911 3078; baseline 0.002 -24"><span class='ocrx_word' id='word_1_256' title='bbox 304 2994 436 3055; x_wconf 79' lang='grc' dir='ltr'>τάδε</span> <span class='ocrx_word' id='word_1_257' title='bbox 452 2997 645 3074; x_wconf 81' lang='grc' dir='ltr'>μέντοι</span> <span class='ocrx_word' id='word_1_258' title='bbox 671 2996 744 3061; x_wconf 77' lang='grc' dir='ltr'>ὥς</span> <span class='ocrx_word' id='word_1_259' title='bbox 771 2997 1122 3075; x_wconf 87' lang='grc' dir='ltr'>κρυπτόμενα</span> <span class='ocrx_word' id='word_1_260' title='bbox 1140 2999 1384 3078; x_wconf 89' lang='grc' dir='ltr'>λέγεται,</span> <span class='ocrx_word' id='word_1_261' title='bbox 1402 2998 1496 3056; x_wconf 84' lang='grc' dir='ltr'>καὶ</span> <span class='ocrx_word' id='word_1_262' title='bbox 1512 2996 1576 3057; x_wconf 77' lang='grc' dir='ltr'>οὗ</span> <span class='ocrx_word' id='word_1_263' title='bbox 1594 2999 1911 3073; x_wconf 85' lang='grc' dir='ltr'>σαφηνέως·</span> 
     </span>
     <span class='ocr_line' id='line_1_36' title="bbox 308 3083 1911 3162; baseline 0.001 -20"><span class='ocrx_word' id='word_1_264' title='bbox 308 3085 435 3160; x_wconf 85' lang='grc' dir='ltr'>περὶ</span> <span class='ocrx_word' id='word_1_265' title='bbox 469 3089 569 3145; x_wconf 84' lang='grc' dir='ltr'>τοῦ</span> <span class='ocrx_word' id='word_1_266' title='bbox 600 3084 995 3156; x_wconf 77' lang='grc' dir='ltr'>ἀποθανόντος,</span> <span class='ocrx_word' id='word_1_267' title='bbox 1025 3084 1098 3148; x_wconf 77' lang='grc' dir='ltr'>ὥς</span> <span class='ocrx_word' id='word_1_268' title='bbox 1133 3084 1199 3144; x_wconf 77' lang='grc' dir='ltr'>οὗ</span> <span class='ocrx_word' id='word_1_269' title='bbox 1225 3084 1497 3162; x_wconf 88' lang='grc' dir='ltr'>πρότερον</span> <span class='ocrx_word' id='word_1_270' title='bbox 1523 3083 1793 3144; x_wconf 80' lang='grc' dir='ltr'>θάπτεται</span> <span class='ocrx_word' id='word_1_271' title='bbox 1816 3083 1911 3144; x_wconf 84' lang='grc' dir='ltr'>οἷν-</span> 
     </span>
     <span class='ocr_line' id='line_1_37' title="bbox 311 3168 1914 3249; baseline 0.004 -21"><span class='ocrx_word' id='word_1_272' title='bbox 311 3168 443 3246; x_wconf 68' lang='grc' dir='ltr'>δρὸς</span> <span class='ocrx_word' id='word_1_273' title='bbox 480 3173 718 3249; x_wconf 90' lang='grc' dir='ltr'>Πέρσεω</span> <span class='ocrx_word' id='word_1_274' title='bbox 750 3172 784 3232; x_wconf 81' lang='grc' dir='ltr'>ὅ</span> <span class='ocrx_word' id='word_1_275' title='bbox 819 3173 990 3244; x_wconf 86' lang='grc' dir='ltr'>νέκυς,</span> <span class='ocrx_word' id='word_1_276' title='bbox 1030 3172 1164 3249; x_wconf 83' lang='grc' dir='ltr'>πρὶν</span> <span class='ocrx_word' id='word_1_277' title='bbox 1204 3171 1271 3232; x_wconf 81' lang='grc' dir='ltr'>ἂν</span> <span class='ocrx_word' id='word_1_278' title='bbox 1305 3171 1397 3231; x_wconf 71' lang='grc' dir='ltr'>ὑπ’</span> <span class='ocrx_word' id='word_1_279' title='bbox 1433 3170 1651 3248; x_wconf 79' lang='grc' dir='ltr'>ὄρνιθος</span> <span class='ocrx_word' id='word_1_280' title='bbox 1679 3169 1719 3247; x_wconf 88' lang='grc' dir='ltr'>ἢ</span> <span class='ocrx_word' id='word_1_281' title='bbox 1751 3171 1914 3236; x_wconf 80' lang='grc' dir='ltr'>κυνὸς</span> 
     </span>
     <span class='ocr_line' id='line_1_38' title="bbox 308 3256 1911 3340; baseline 0.002 -24"><span class='ocrx_word' id='word_1_282' title='bbox 308 3258 668 3335; x_wconf 78' lang='grc' dir='ltr'>ἑλκυσθῆναι·</span> <span class='ocrx_word' id='word_1_283' title='bbox 708 3258 943 3340; x_wconf 77' lang='grc' dir='ltr'>(μάγους</span> <span class='ocrx_word' id='word_1_284' title='bbox 971 3262 1077 3336; x_wconf 79' lang='grc' dir='ltr'>μὲν</span> <span class='ocrx_word' id='word_1_285' title='bbox 1100 3258 1213 3339; x_wconf 70' lang='grc' dir='ltr'>γοῖρ</span> <span class='ocrx_word' id='word_1_286' title='bbox 1254 3257 1520 3334; x_wconf 86' lang='grc' dir='ltr'>οἶτρεκέως</span> <span class='ocrx_word' id='word_1_287' title='bbox 1545 3256 1673 3318; x_wconf 81' lang='grc' dir='ltr'>οἶδα</span> <span class='ocrx_word' id='word_1_288' title='bbox 1694 3258 1911 3320; x_wconf 86' lang='grc' dir='ltr'>ποιέον-</span> 
     </span>
    </p>
   </div>
   <div class='ocr_carea' id='block_1_3' title="bbox 2173 1170 2176 1700">
    <p class='ocr_par' dir='ltr' id='par_1_8' title="bbox 2173 1170 2176 1700">
     <span class='ocr_line' id='line_1_39' title="bbox 2173 1170 2176 1700; baseline 0 0"><span class='ocrx_word' id='word_1_289' title='bbox 2173 1170 2176 1700; x_wconf 95' lang='lat' dir='ltr'> </span> 
     </span>
    </p>
   </div>
  </div>
 </body>
</html>
