2184 3517
244 137 481 204 93—98]
879 134 884 141 ¹
932 139 1203 190 eAAmA.
1753 139 1852 188 249

244 245 346 280 τοι
371 222 472 279 τοῦ
494 218 717 297 χρόνου,
741 218 835 277 καὶ
861 215 973 277 οἷπό
1000 215 1187 292 νήσων
1210 216 1453 294 προσήϊε
1477 216 1655 281 ἄλλος
1681 215 1860 294 φόρος

250 308 353 366 καὶ
382 312 492 367 τῶν
529 312 588 367 ἐν
611 309 683 385 τῇ
710 304 952 383 Εὖρώπῃ
978 306 1148 384 μέχρι
1174 304 1502 382 Θεσσαλίης
1538 304 1856 382 οἰκημένων.

246 397 457 454 τοῦτον
500 392 603 453 τόν
649 391 831 469 φόρον
885 392 1207 469 θησαυρίζει
1258 392 1292 452 6
1342 391 1621 469 βασιλεῦς
1669 390 1860 475 τρόπω

247 481 476 592 τοιῷδε·
496 486 552 545 ἐς
571 480 768 544 πίθους
788 480 1113 557 κεραμίνους
1130 479 1302 555 τήξας
1322 480 1596 559 καταχέει·
1629 480 1861 554 πλήσας

252 568 318 628 δὲ
343 568 414 629 τό
438 568 628 651 ἄγγος,
655 569 952 646 περιαιρέει
977 567 1077 628 τᾶν
1105 568 1363 645 κέραμον·
1406 567 1574 628 ἐπεοὶν
1600 567 1661 626 δε
1685 567 1855 648 δεηθῇ

250 656 576 735 χρημάτων,
621 655 957 747 κατακόπτει
996 659 1240 716 τοσοῦτο
1286 655 1429 716 ὅσου
1475 653 1545 717 ἂν
1591 654 1862 717 ἑκάστοτε

253 743 469 821 δέηται.
1326 784 1333 789 -

340 829 520 892 Αὗται
542 832 647 911 μέν
671 858 768 894 νυν
787 831 965 912 α’ρχαί
980 858 1043 893 τε
1067 830 1219 909 ἦσαν
1239 833 1331 892 καὶ
1352 831 1541 911 φόρων
1562 831 1849 904 ἐπιτάξιες.
1872 835 1948 895 97

250 946 292 996 η
274 919 531 998 Περσὶς
551 922 611 982 δὲ
628 920 786 1001 χώρη
803 920 983 998 μούνη
997 945 1098 997 μοι
1115 946 1216 980 ουκ
1238 920 1449 999 εἴρηται
1470 921 1856 998 δασμοφόρος·

251 1006 467 1068 ἀτελέα
490 1036 602 1090 γαρ
630 1010 853 1087 Πέρσαι
884 1008 1146 1085 νέμονται
1169 1007 1374 1087 χώρην.
1443 1008 1560 1068 οἵδε
1592 1008 1653 1067 δὲ
1678 1008 1858 1085 φόρον

249 1098 369 1174 μὲν
418 1096 613 1158 οὗδένα
664 1096 986 1204 ἐτάχθησαν
1039 1096 1246 1173 φέρειν,
1301 1096 1451 1174 δωρα
1505 1096 1566 1155 δὲ
1617 1095 1856 1177 αγίνεον·

250 1185 527 1248 Αἰθίοπες
572 1188 627 1244 οἱ
669 1184 983 1262 πρόσουροι
1029 1181 1308 1265 Αἰγύπτῳ,
1355 1210 1484 1247 τους
1533 1183 1859 1260 Καμβύσης

251 1272 508 1333 ἐλαύνων
541 1273 634 1333 ἐπὶ
674 1297 805 1336 τους
845 1272 1216 1349 Μακροβίους
1254 1272 1528 1336 Αἰθίοπας
1568 1272 1859 1349 κατεστρέ-

250 1368 431 1440 ψατο·
464 1361 519 1420 οἳ
541 1361 675 1438 περί
693 1386 757 1420 τε
781 1358 986 1436 Νύσην
1009 1360 1115 1436 τήν
1143 1358 1266 1438 ἱρὴν
1293 1359 1646 1437 κατοίκηνται
1672 1361 1764 1419 καὶ
1781 1365 1861 1441 τῷ

252 1448 523 1529 Διονύσῳ
563 1447 837 1530 ἀνάγουσι
875 1448 975 1511 τοῖς
1015 1447 1200 1526 ὁρτάς.
1282 1473 1439 1509 ουτοι
1479 1451 1533 1508 οἱ
1574 1448 1852 1523 Αἰθίοπες,

252 1537 360 1596 καὶ
385 1540 441 1596 οἱ
463 1535 852 1617 πλησιόχωροι
875 1535 1146 1606 τούτοισι,
1168 1536 1452 1613 σπέρματι
1471 1539 1575 1614 μὲν
1593 1536 1861 1615 χρέωνται

248 1628 344 1704 τῷ
379 1623 522 1704 αύτιῖ
554 1629 633 1705 τῷ
667 1625 760 1683 καὶ
800 1627 856 1684 οἶ
898 1624 1218 1684 Καλαντίαι
1257 1624 1442 1684 Ἰνδοί·
1486 1623 1760 1702 οἰκήματα
1802 1624 1862 1684 δὲ

249 1714 518 1789 ἔκτηνται
555 1712 847 1794 κατάγαια·
890 1709 1044 1772 οὗτοι
1084 1710 1504 1790 συναμφότεροι
1544 1712 1635 1772 διαὶ
1672 1713 1861 1789 τρίτου

252 1802 416 1864 ἔτεος
446 1800 680 1882 ἀγίνεον,
716 1800 1002 1883 ἀγινέουσι
1034 1800 1096 1860 δὲ
1138 1801 1230 1860 καὶ
1263 1800 1331 1861 vd
1366 1801 1536 1880 μέχρι
1577 1804 1724 1878 ἐμεῦ,
1757 1800 1862 1861 δύο

249 1891 511 1968 χοίνικας
549 1888 763 1966 οἷπύρου
801 1889 1056 1968 χρυσίου,
1100 1889 1193 1948 καὶ
1232 1889 1519 1965 διηκοσίας
1537 1888 1862 1971 ’φάλαγγας

253 1977 481 2053 ἐβένου,
517 1979 608 2037 καὶ
648 1978 814 2038 πέντε
854 1977 1056 2041 παῖδας
1091 1978 1381 2052 Αἰθίοπας,
1422 1978 1514 2037 καὶ
1557 1979 1864 2054 ἐλέφαντος

255 2064 495 2128 ὀδόντας
531 2065 814 2147 μεγάλους
854 2065 1050 2125 εἴκοσι.
1137 2065 1363 2144 Κόλχοι
1402 2065 1465 2125 δὲ
1504 2065 1765 2136 ἐτάξαντο
1806 2072 1862 2131 ἐς

254 2151 370 2227 τήν
395 2153 616 2231 δωρεὴν,
645 2154 738 2213 καὶ
774 2157 828 2213 οἱ
863 2154 1172 2233 προσεχέες
1201 2155 1370 2231 μέχρι
1399 2157 1501 2213 τοῦ
1538 2153 1865 2220 Καυκάσιος

258 2237 473 2317 οὔρεος·
507 2247 563 2305 ἐς
587 2245 753 2302 τοῦτο
777 2240 888 2322 γοῖρ
909 2241 975 2301 τό
1004 2242 1164 2320 οὖρος
1190 2240 1299 2301 ὖπὸ
1329 2242 1594 2320 Πέρσῃσι
1612 2240 1861 2321 ἄρχεται·

254 2328 337 2389 ‘td
368 2329 428 2388 δὲ
456 2329 597 2407 πρός
628 2331 817 2407 βορῆν
852 2328 1057 2407 ἄνεμον
1086 2334 1190 2390 τοῦ
1229 2329 1555 2393 Καυκάσιος
1595 2331 1863 2406 Περσέων

260 2415 423 2477 οὐδὲν
448 2419 527 2477 ἔτι
554 2418 853 2497 φροντίζει.
923 2415 1077 2478 οὗτοι
1110 2417 1184 2478 ὦν
1209 2418 1358 2496 δῶρα
1385 2417 1458 2478 τσῖ
1486 2415 1750 2486 ἐτάξαντο
1783 2419 1863 2478 ἔτι

259 2506 359 2565 καὶ
394 2510 449 2570 ἐς
485 2509 584 2583 ἐμὲ
622 2506 730 2585 διὰ,
750 2503 1135 2583 πεντετηρίδος
1165 2504 1400 2586 οἷγίνεον,
1437 2503 1630 2565 ἐκατόν
1662 2505 1863 2569 παῖδας

260 2593 357 2653 καὶ
397 2594 595 2655 ἐκατόν
629 2595 954 2673 παρθένους.
1022 2592 1286 2671 Ἀράβιοι
1323 2594 1382 2655 δὲ
1416 2594 1581 2674 χίλια
1613 2592 1863 2654 τάλαντα

259 2681 485 2763 α’γίνεον
518 2685 843 2760 λιβανωτοῦ
876 2680 983 2742 ufvo?
1016 2685 1131 2742 πᾶν
1163 2683 1300 2746 ἔτος.
1368 2686 1544 2743 ταῦτα
1578 2684 1682 2761 μὲν
1712 2679 1865 2742 οὗτοι

260 2770 413 2846 δῶρα
436 2769 619 2848 πάρεξ
639 2775 742 2830 τοῦ
770 2770 951 2850 φόρου
974 2770 1220 2846 βασιλέϊ
1245 2769 1518 2847 ἐκόμιζον.
1795 2804 1798 2809 ·

345 2858 460 2921 Τὸν
495 2860 556 2920 δὲ
588 2858 807 2939 χρυσόν
839 2864 1038 2920 τοῦτον
1070 2859 1174 2919 τᾶν
1208 2859 1431 2919 πολλὰν
1468 2885 1523 2919 οι
1560 2857 1805 2929 Ἰνδοὶ,’
1768 2885 1852 2918 απ
1849 2857 1962 2918 ’98

260 2973 331 3007 ου
368 2947 436 3009 τὰ
479 2951 684 3029 ψῆγμα
722 2952 800 3027 τῷ
836 2947 1082 3024 βασιλέϊ
1119 2946 1187 3007 τὰ
1230 2947 1517 3025 εἰρημένον
1558 2948 1865 3024 κομίζουσι,

260 3035 450 3116 τρόπῳ
475 3035 667 3115 τοιῷδε
702 3036 979 3096 κτέωνται·
1022 3036 1145 3095 ἔστι
1177 3038 1281 3111 τῆς
1312 3034 1548 3110 Ἰνδικῆς
1582 3061 1768 3114 χωρ-ης
1798 3034 1866 3094 τὰ

261 3122 405 3201 πρός
430 3123 599 3200 ἥλιον
624 3122 931 3203 ἀνίσχοντα
957 3122 1223 3201 ψάμμος·
1236 3148 1347 3182 των
1371 3122 1481 3203 γοῖρ
1505 3121 1667 3198 ημεῖς
1694 3123 1867 3198 ἴδμεν,

253 3216 373 3273 ’τῶν
400 3214 495 3272 καὶ
520 3213 648 3290 πέρι
675 3210 896 3289 οἷτρεκές
920 3236 976 3270 τι
1002 3212 1242 3291 λέγεται,
1264 3214 1483 3291 πρῶτοι
1501 3209 1644 3286 πρὸς
1669 3208 1705 3284 η’
1709 3212 1750 3266 ὣ
1776 3207 1870 3267 καὶ

261 3299 433 3378 ηλίου
462 3300 743 3364 οἷνατολας
773 3299 1018 3365 οἰκέουσι
1049 3297 1353 3377 οἷνθρωπων
1376 3323 1487 3358 των
1514 3302 1572 3357 ἐν
1600 3300 1673 3375 τῇ
1703 3294 1872 3372 Ἀσίῃ

423 3386 489 3432 20
