2184 3517
304 56 405 106 226
927 54 1297 106 ‘HPOAOTO‘I'
1778 50 1925 113 [III.

307 130 442 210 ἐμός
463 157 528 192 τε
553 138 685 197 παῖς
710 134 803 193 καὶ
835 131 1117 210 Κορίνθου
1140 134 1244 207 τῆς
1270 128 1593 208 εὐδαίμονος
1616 128 1929 205 βασιλεῦς,

306 218 524 296 α’λήτην
563 221 698 304 βίον
737 221 888 279 εἵλευ
927 218 1302 280 ἀντιστατέων
1332 243 1396 278 τε
1429 217 1523 276 καὶ
1558 216 1703 298 ὀργῇ
1741 216 1930 295 χρεώ-

307 333 476 385 μενος
511 313 568 372 ἐς
603 308 704 369 τόν
733 333 805 367 σε
834 307 1044 383 ἥκιστα
1080 310 1271 386 ἐχρῆν·
1314 310 1365 365 εἰ
1387 304 1499 386 γάρ
1526 331 1613 367 τις
1639 304 1928 381 συμφορὴ

312 400 373 455 ἐν
404 395 628 461 αὐτοῖσι
664 394 913 476 ἐγεγόνεε
941 394 1003 464 ἐξ
1027 392 1096 470 ἦς
1121 394 1373 473 ὑποψίην
1399 397 1454 455 ἐς
1481 393 1581 469 ἐμὲ
1608 393 1767 471 ἔχεις,
1793 392 1941 469 ,ε’μοί

310 508 373 543 τε
401 482 541 559 αὕτη
568 484 765 565 γέγονε
793 483 884 541 καὶ
913 481 1021 563 ἐγώ
1049 480 1220 557 αὐτῆς
1242 480 1311 541 τό
1336 484 1517 539 πλεῦν
1540 480 1784 558 μέτοχός
1812 483 1934 557 εἶμι

313 570 434 650 ὅσῳ
476 570 642 635 αὐτός
686 576 808 647 σφε
862 568 1271 650 ἐξεργασάμην·
1326 567 1403 629 m?
1456 567 1516 626 δὲ
1562 567 1758 643 μαθων
1789 566 1934 647 -ὅσῳ

316 660 660 733 φθονέεσθαι
713 659 960 735 κρέσσον
1011 658 1137 719 ἐστὶ
1180 654 1219 733 ἦ
1274 656 1659 733 οἰκτείρεσθαι,
1703 653 1828 732 ἅμα
1862 681 1936 715 τε

315 744 504 807 ὁκοῖόν
527 772 585 807 τι
616 752 671 810 ἐς
699 747 830 810 τούς
853 748 1049 810 τοκέας
1075 745 1169 805 καὶ
1196 749 1251 809 ἐς
1274 744 1406 808 τοῦς
1431 744 1747 821 κρέσσονας
1768 744 1933 805 τεθυ-

317 835 561 911 μῶσθαι,
589 833 831 898 ἅπιθι·ἐς
855 835 927 894 τὰ
954 831 1151 894 elada-'⁹
1192 830 1933 909 Περίανδροςμὲντοΰτοισι

321 921 491 982 αυτὸν
529 921 943 999 κατελάμβανε·
985 921 1018 982 ὁ
1046 921 1108 980 δὲ
1134 920 1283 980 αλλο
1310 922 1417 997 μὲν
1441 919 1601 979 οὐδὲν
1626 918 1933 996 ἀμείβεται

318 1010 419 1089 τόν
451 1012 681 1088 πατέρα,
711 1011 821 1086 ἔφη
847 1010 910 1069 δέ
931 1034 1031 1086 μιν
1057 1034 1183 1087 ιρην
1208 1008 1411 1084 ζημίην
1439 1006 1693 1083 ὀφείλειν
1718 1011 1799 1085 τῷ
1823 1007 1933 1086 θεῷ

320 1100 499 1177 ἑωυτῷ
526 1104 581 1162 ἐς
606 1097 811 1179 λόγους
835 1096 1191 1175 α’πικόμενον·
1224 1095 1419 1173 μαθων
1438 1094 1557 1154 δὲ
1523 1122 1557 1155 ο
1582 1094 1932 1205 Περίανδρος

320 1212 395 1249 ως
425 1185 640 1264 ἄπορόν
669 1212 728 1246 τι
757 1212 825 1256 το
859 1184 1029 1245 κακόν
1054 1186 1139 1261 εἴη
1177 1187 1278 1245 τοῦ
1303 1183 1502 1247 παιδός
1528 1183 1622 1241 καὶ
1648 1182 1928 1259 ἀνίκητον,

320 1275 388 1344 ,ἔξ
422 1274 738 1352 ὀφθαλμῶν
775 1300 875 1352 μιν
921 1273 1314 1351 ἀποπέμπεται
1352 1272 1585 1334 στείλας
1623 1274 1832 1331 πλοῖον
1873 1276 1932 1335 ἐς

323 1363 631 1439 Κέρκυραν·
674 1361 966 1439 ἐπεκράτεε
990 1361 1103 1439 γὰρ
1130 1361 1224 1421 καὶ
1247 1359 1469 1436 ταύτης·
1501 1359 1849 1422 ἀποστείλας
1868 1359 1930 1419 δὲ

320 1452 518 1524 τοῦτον
556 1448 588 1509 ὁ
629 1450 987 1527 Περίανδρος,
1017 1447 1382 1525 ἐστρατεύετο
1418 1448 1510 1507 ἐπὶ
1533 1447 1635 1508 τᾶν
1657 1447 1928 1523 πενθερόν

323 1537 591 1613 Προκλέα
633 1535 706 1599 ὥς
749 1540 860 1596 τῶν
906 1536 1225 1614 παρεόντων
1272 1538 1327 1596 οἱ
1378 1535 1720 1617 πρηγμάτων
1766 1535 1930 1596 ἐόντα

321 1622 663 1688 αἰτιώτατον·
719 1624 812 1682 καὶ
853 1624 968 1683 εἷλε
1005 1627 1112 1702 μὲν
1156 1623 1262 1701 τὴν
1302 1622 1654 1702 Ἐπίδαυρον,
1704 1622 1823 1683 εἷλε
1868 1624 1929 1683 δὲ

225 1712 306 1772 53
323 1710 493 1775 αὗτὸν
517 1712 805 1788 Προκλέα·
850 1711 969 1794 [καὶ
994 1711 1322 1794 ἐζώγρησε]
1386 1710 1546 1770 Ἐπεὶ
1566 1711 1641 1785 δὲ,
1670 1716 1772 1772 τοῦ
1794 1710 1928 1791 χρό·

324 1826 423 1864 νου
460 1799 885 1877 προβαίνοντος,
925 1799 959 1860 ὅ
998 1825 1060 1860 τε
1098 1800 1443 1877 Περίανδρος
1457 1842 1461 1847 -
1476 1798 1806 1876 παρηβήκεε
1837 1801 1928 1859 καὶ

325 1886 764 1969 συνεγινώσκετο
799 1891 977 1966 ἑωυτῷ
1013 1886 1198 1947 οὗκέτι
1233 1888 1373 1948 εἶναι
1399 1887 1632 1950 δυνατὸς
1652 1886 1725 1947 ταῖ
1750 1885 1927 1968 πρήγ·

322 2001 475 2052 ματα
502 1979 709 2053 ἐπορᾶν
731 2001 794 2036 τε
821 1976 913 2035 καὶ
933 1976 1155 2046 διέπειν,
1176 1977 1404 2054 πέμψας
1429 1980 1485 2039 ἐς
1507 1975 1613 2051 τήν
1634 1976 1927 2052 Κέρκυραν

325 2062 604 2124 ἀπεκάλεε
641 2064 743 2124 τὸν
767 2063 1110 2141 Λυκόφρονα
1136 2065 1228 2124 ἐπὶ
1252 2062 1357 2140 τὴν
1379 2063 1692 2141 τυραννίδα·
1736 2069 1797 2123 ἐν
1818 2065 1925 2144 γοὶρ

329 2151 398 2228 δὴ
428 2157 507 2232 τῷ
540 2153 908 2233 πρεσβυτέρῳ
943 2156 1054 2213 τῶν
1079 2151 1292 2212 παίδων
1317 2150 1419 2212 οὔκ
1445 2151 1663 2228 ἐνεώρα,
1691 2150 1852 2211 ἄλλοί
1874 2156 1927 2214 οἱ

327 2242 691 2317 κατεφαίνετο
728 2240 869 2301 εἶναι
902 2241 1260 2319 νωθέστερος·
1301 2238 1336 2300 ὅ
1370 2240 1430 2299 δὲ
1461 2238 1777 2316 Λυκόφρων
1803 2239 1926 2300 οὐδὲ

325 2328 648 2407 ἀνακρίσιος
672 2329 880 2406 ηξίωσε
902 2327 1004 2389 τὸν
1029 2329 1276 2406 φέροντα
1299 2326 1403 2404 τὴν
1429 2327 1716 2408 ἀγγελίην.
1761 2330 1924 2405 Περί·

325 2418 521 2495 ανδρος
560 2417 620 2478 δὲ
661 2415 1053 2496 περιεχόμενος
1096 2418 1198 2476 τοῦ
1242 2416 1477 2493 νεηνίεω,
1521 2414 1752 2494 δεύτερα
1795 2416 1922 2475 οἷπέ-

326 2509 520 2565 στειλε
557 2503 642 2564 ἐπ’
668 2504 837 2565 αὐτὸν
861 2531 967 2581 την
1001 2503 1342 2580 οἷδελφεην“
1316 2508 1519 2564 εωυτοΰ
1544 2503 1606 2563 δὲ
1632 2504 1921 2585 θυγατέρα,

327 2592 528 2652 δοκέων
550 2618 648 2670 μιν
671 2592 931 2669 μάλιστα
944 2592 1117 2671 ταύτῃ
1141 2591 1211 2652 ἂν
1234 2592 1549 2653 πείθεσθαι·
1590 2590 1925 2669 ἀπικομένης

327 2679 388 2739 δὲ
427 2677 632 2755 ταύτης
672 2680 764 2738 καὶ
803 2679 1103 2761 λεγούσης·
1152 2689 1189 2716 “
1206 2679 1249 2739 ὦ
1289 2684 1410 2751 παῖ,
1449 2678 1692 2756 βούλεαι
1724 2679 1830 2756 τήν
1864 2706 1926 2741 τε

324 2766 619 2845 τυραννίδα
645 2771 701 2831 ἐς
724 2765 936 2831 ἄλλους
950 2769 1174 2829 πεσέειν
1193 2767 1286 2827 καὶ
1309 2768 1412 2828 τόν
1431 2767 1584 2829 οἶκον
1597 2771 1699 2829 τοῦ
1717 2767 1927 2846 πατρὸς

327 2854 739 2932 διαφορηθέντα
774 2858 1019 2931 μᾶλλον,
1044 2854 1081 2932 ἢ
1109 2855 1274 2919 αὐτός
1312 2863 1434 2933 σφε
1458 2855 1722 2918 ἀπελθὼν
1748 2857 1921 2935 ἔχειν;
1942 2928 1948 2935 .

328 2942 489 3004 ἄπιθι
529 2947 583 3004 ἐς
620 2941 694 3001 τοὶ
735 2942 899 3000 οἰκία·
952 2947 1172 3003 παῦσαι
1210 2945 1456 3005 σεωυτὸν
1493 2945 1721 3020 ζημιῶν·
1763 2947 1924 3019 φιλο-

279 3027 288 3033 ’
326 3030 483 3105 τιμίη
510 3031 696 3103 κτῆμα
715 3028 933 3088 σκαιόν·
965 3028 1047 3105 μή
1066 3034 1145 3108 τῷ
1164 3035 1312 3108 κακῷ
1330 3032 1397 3091 vd
1415 3031 1586 3090 κακὸν
1607 3035 1691 3090 ἶῶ·
1717 3032 1926 3094 πολλοὶ

328 3119 439 3175 τῶν
470 3114 691 3174 δικαίων
719 3113 792 3174 τοὶ
827 3118 1205 3192 ἐπιεικέστερα
1230 3119 1583 3193 προτιθέασι·
1626 3118 1841 3178 πολλοὶ
1869 3117 1926 3178 δὲ

330 3198 440 3275 ἤδη
462 3200 535 3260 τοὶ
557 3203 787 3278 μητρῷα
821 3201 1103 3277 διζήμενοι
1123 3201 1200 3261 τοὶ
1223 3207 1454 3282 πατρῷα
1478 3203 1802 3280 ἀπέβαλον·
1836 3228 1926 3264 τυ-
