<?xml version="1.0" encoding="UTF-8"?>
<!DOCTYPE html PUBLIC "-//W3C//DTD XHTML 1.0 Transitional//EN"
    "http://www.w3.org/TR/xhtml1/DTD/xhtml1-transitional.dtd">
<html xmlns="http://www.w3.org/1999/xhtml" xml:lang="en" lang="en">
 <head>
  <title>
</title>
<meta http-equiv="Content-Type" content="text/html;charset=utf-8" />
  <meta name='ocr-system' content='tesseract 3.04.00' />
  <meta name='ocr-capabilities' content='ocr_page ocr_carea ocr_par ocr_line ocrx_word'/>
</head>
<body>
  <div class='ocr_page' id='page_1' title='image "./herodotus02unkngoog_0051.png"; bbox 0 0 2184 3517; ppageno 0'>
   <div class='ocr_carea' id='block_1_1' title="bbox 196 115 1886 2215">
    <p class='ocr_par' dir='ltr' id='par_1_1' title="bbox 196 115 1886 2215">
     <span class='ocr_line' id='line_1_1' title="bbox 268 115 1884 183; baseline -0.001 -11"><span class='ocrx_word' id='word_1_1' title='bbox 268 116 496 183; x_wconf 77' lang='lat'>72-74]</span> <span class='ocrx_word' id='word_1_2' title='bbox 892 138 897 141; x_wconf 88' lang='lat'><em>-</em></span> <span class='ocrx_word' id='word_1_3' title='bbox 967 115 1196 167; x_wconf 75' lang='lat' dir='ltr'>mm.</span> <span class='ocrx_word' id='word_1_4' title='bbox 1819 121 1884 170; x_wconf 81' lang='lat'>35</span> 
     </span>
     <span class='ocr_line' id='line_1_2' title="bbox 270 197 1886 279; baseline 0.001 -20"><span class='ocrx_word' id='word_1_5' title='bbox 270 198 437 261; x_wconf 82' lang='grc' dir='ltr'>ἐόντα</span> <span class='ocrx_word' id='word_1_6' title='bbox 489 198 749 277; x_wconf 85' lang='grc' dir='ltr'>Κροίσου</span> <span class='ocrx_word' id='word_1_7' title='bbox 793 200 898 276; x_wconf 71' lang='grc' dir='ltr'>μὲν</span> <span class='ocrx_word' id='word_1_8' title='bbox 939 197 1208 279; x_wconf 82' lang='grc' dir='ltr'>γαμβρὸν</span> <span class='ocrx_word' id='word_1_9' title='bbox 1249 197 1465 274; x_wconf 82' lang='grc' dir='ltr'>Μήδων</span> <span class='ocrx_word' id='word_1_10' title='bbox 1510 198 1590 259; x_wconf 45' lang='grc' dir='ltr'>δὲΦ</span> <span class='ocrx_word' id='word_1_11' title='bbox 1613 200 1886 276; x_wconf 80' lang='grc' dir='ltr'>βασιλέα,</span> 
     </span>
     <span class='ocr_line' id='line_1_3' title="bbox 271 286 1881 368; baseline 0.002 -22"><span class='ocrx_word' id='word_1_12' title='bbox 271 292 465 366; x_wconf 84' lang='grc' dir='ltr'>Κῦρος</span> <span class='ocrx_word' id='word_1_13' title='bbox 495 287 532 348; x_wconf 77' lang='grc' dir='ltr'>ὁ</span> <span class='ocrx_word' id='word_1_14' title='bbox 567 286 900 365; x_wconf 84' lang='grc' dir='ltr'>Καμβύσεω</span> <span class='ocrx_word' id='word_1_15' title='bbox 933 286 1458 364; x_wconf 86' lang='grc' dir='ltr'>καταστρεψάμενος</span> <span class='ocrx_word' id='word_1_16' title='bbox 1490 287 1622 367; x_wconf 83' lang='grc' dir='ltr'>εἶχε,</span> <span class='ocrx_word' id='word_1_17' title='bbox 1656 287 1881 368; x_wconf 87' lang='grc' dir='ltr'>γενόμε-</span> 
     </span>
     <span class='ocr_line' id='line_1_4' title="bbox 270 372 1886 457; baseline 0.001 -22"><span class='ocrx_word' id='word_1_18' title='bbox 270 402 372 436; x_wconf 88' lang='grc' dir='ltr'>νον</span> <span class='ocrx_word' id='word_1_19' title='bbox 408 375 680 457; x_wconf 76' lang='grc' dir='ltr'>γαμβρὸν</span> <span class='ocrx_word' id='word_1_20' title='bbox 713 376 944 454; x_wconf 79' lang='grc' dir='ltr'>Κροίσῳ</span> <span class='ocrx_word' id='word_1_21' title='bbox 987 372 1109 434; x_wconf 79' lang='grc' dir='ltr'>ὧδε.</span> <span class='ocrx_word' id='word_1_22' title='bbox 1194 375 1447 439; x_wconf 81' lang='grc' dir='ltr'>Σκυθέων</span> <span class='ocrx_word' id='word_1_23' title='bbox 1485 379 1595 436; x_wconf 76' lang='grc' dir='ltr'>τῶν</span> <span class='ocrx_word' id='word_1_24' title='bbox 1634 377 1886 453; x_wconf 78' lang='grc' dir='ltr'>νομάδων</span> 
     </span>
     <span class='ocr_line' id='line_1_5' title="bbox 271 462 1882 543; baseline 0.001 -21"><span class='ocrx_word' id='word_1_25' title='bbox 271 464 398 540; x_wconf 83' lang='grc' dir='ltr'>εἶλη</span> <span class='ocrx_word' id='word_1_26' title='bbox 424 463 639 542; x_wconf 74' lang='grc' dir='ltr'>ἀνδρῶν</span> <span class='ocrx_word' id='word_1_27' title='bbox 673 463 1063 533; x_wconf 81' lang='grc' dir='ltr'>στασιάσασα,</span> <span class='ocrx_word' id='word_1_28' title='bbox 1091 462 1376 538; x_wconf 76' lang='grc' dir='ltr'>ὖπεξῆλθε</span> <span class='ocrx_word' id='word_1_29' title='bbox 1407 468 1463 527; x_wconf 85' lang='grc' dir='ltr'>ἐς</span> <span class='ocrx_word' id='word_1_30' title='bbox 1494 466 1604 543; x_wconf 84' lang='grc' dir='ltr'>γῆν</span> <span class='ocrx_word' id='word_1_31' title='bbox 1628 463 1732 539; x_wconf 81' lang='grc' dir='ltr'>τήν</span> <span class='ocrx_word' id='word_1_32' title='bbox 1758 471 1882 542; x_wconf 91' lang='grc' dir='ltr'>Μη-</span> 
     </span>
     <span class='ocr_line' id='line_1_6' title="bbox 267 549 1884 631; baseline 0.002 -20"><span class='ocrx_word' id='word_1_33' title='bbox 267 551 450 629; x_wconf 84' lang='grc' dir='ltr'>δικήν·</span> <span class='ocrx_word' id='word_1_34' title='bbox 516 549 832 629; x_wconf 75' lang='grc' dir='ltr'>ἐτυράννευε</span> <span class='ocrx_word' id='word_1_35' title='bbox 887 551 948 611; x_wconf 82' lang='grc' dir='ltr'>δὲ</span> <span class='ocrx_word' id='word_1_36' title='bbox 1000 550 1102 612; x_wconf 79' lang='grc' dir='ltr'>τᾶν</span> <span class='ocrx_word' id='word_1_37' title='bbox 1156 550 1362 631; x_wconf 89' lang='grc' dir='ltr'>χρόνον</span> <span class='ocrx_word' id='word_1_38' title='bbox 1418 550 1616 613; x_wconf 74' lang='grc' dir='ltr'>τοῦτον</span> <span class='ocrx_word' id='word_1_39' title='bbox 1673 552 1884 630; x_wconf 80' lang='grc' dir='ltr'>Μήδων</span> 
     </span>
     <span class='ocr_line' id='line_1_7' title="bbox 269 637 1879 718; baseline 0.001 -20"><span class='ocrx_word' id='word_1_40' title='bbox 269 640 576 717; x_wconf 80' lang='grc' dir='ltr'>Κυαξάρης</span> <span class='ocrx_word' id='word_1_41' title='bbox 602 639 635 708; x_wconf 78' lang='grc' dir='ltr'>ὁ</span> <span class='ocrx_word' id='word_1_42' title='bbox 661 638 954 718; x_wconf 85' lang='grc' dir='ltr'>Φραόρτεω</span> <span class='ocrx_word' id='word_1_43' title='bbox 977 642 1079 700; x_wconf 81' lang='grc' dir='ltr'>τοῦ</span> <span class='ocrx_word' id='word_1_44' title='bbox 1108 637 1377 715; x_wconf 82' lang='grc' dir='ltr'>Δηῖόκεω·</span> <span class='ocrx_word' id='word_1_45' title='bbox 1418 638 1481 704; x_wconf 77' lang='grc' dir='ltr'>ὃς</span> <span class='ocrx_word' id='word_1_46' title='bbox 1504 639 1633 705; x_wconf 77' lang='grc' dir='ltr'>τούς</span> <span class='ocrx_word' id='word_1_47' title='bbox 1659 640 1879 706; x_wconf 81' lang='grc' dir='ltr'>Σκύθας</span> 
     </span>
     <span class='ocr_line' id='line_1_8' title="bbox 265 725 1881 805; baseline 0.003 -17"><span class='ocrx_word' id='word_1_48' title='bbox 265 727 592 792; x_wconf 74' lang='grc' dir='ltr'>τούτουςτό</span> <span class='ocrx_word' id='word_1_49' title='bbox 618 730 723 805; x_wconf 80' lang='grc' dir='ltr'>μὲν</span> <span class='ocrx_word' id='word_1_50' title='bbox 746 731 968 805; x_wconf 81' lang='grc' dir='ltr'>πρῶτον</span> <span class='ocrx_word' id='word_1_51' title='bbox 991 730 1243 804; x_wconf 82' lang='grc' dir='ltr'>περιεῖπε</span> <span class='ocrx_word' id='word_1_52' title='bbox 1270 725 1347 797; x_wconf 78' lang='grc' dir='ltr'>εὖ,</span> <span class='ocrx_word' id='word_1_53' title='bbox 1370 725 1441 792; x_wconf 71' lang='grc' dir='ltr'>οἷς</span> <span class='ocrx_word' id='word_1_54' title='bbox 1468 726 1657 792; x_wconf 77' lang='grc' dir='ltr'>ἐόντας</span> <span class='ocrx_word' id='word_1_55' title='bbox 1683 729 1881 793; x_wconf 77' lang='grc' dir='ltr'>ἱκέτας·</span> 
     </span>
     <span class='ocr_line' id='line_1_9' title="bbox 268 813 1882 895; baseline 0.002 -21"><span class='ocrx_word' id='word_1_56' title='bbox 268 814 422 876; x_wconf 80' lang='grc' dir='ltr'>ὥστε</span> <span class='ocrx_word' id='word_1_57' title='bbox 447 816 510 876; x_wconf 80' lang='grc' dir='ltr'>δὲ</span> <span class='ocrx_word' id='word_1_58' title='bbox 534 816 663 894; x_wconf 83' lang='grc' dir='ltr'>περὶ</span> <span class='ocrx_word' id='word_1_59' title='bbox 689 818 914 875; x_wconf 78' lang='grc' dir='ltr'>πολλοῦ</span> <span class='ocrx_word' id='word_1_60' title='bbox 938 813 1264 893; x_wconf 83' lang='grc' dir='ltr'>ποιεόμενος</span> <span class='ocrx_word' id='word_1_61' title='bbox 1301 814 1514 886; x_wconf 74' lang='grc' dir='ltr'>αὐτους,</span> <span class='ocrx_word' id='word_1_62' title='bbox 1541 815 1742 881; x_wconf 82' lang='grc' dir='ltr'>παῖδάς</span> <span class='ocrx_word' id='word_1_63' title='bbox 1768 823 1882 895; x_wconf 91' lang='grc' dir='ltr'>σφι</span> 
     </span>
     <span class='ocr_line' id='line_1_10' title="bbox 263 900 1882 985; baseline 0.002 -22"><span class='ocrx_word' id='word_1_64' title='bbox 263 904 556 980; x_wconf 87' lang='grc' dir='ltr'>παρέδωκε</span> <span class='ocrx_word' id='word_1_65' title='bbox 578 930 684 980; x_wconf 90' lang='grc' dir='ltr'>την</span> <span class='ocrx_word' id='word_1_66' title='bbox 708 900 989 985; x_wconf 81' lang='grc' dir='ltr'>γλῶσσάν</span> <span class='ocrx_word' id='word_1_67' title='bbox 1019 928 1082 963; x_wconf 89' lang='grc' dir='ltr'>τε</span> <span class='ocrx_word' id='word_1_68' title='bbox 1114 903 1402 981; x_wconf 86' lang='grc' dir='ltr'>ἐκμαθέειν</span> <span class='ocrx_word' id='word_1_69' title='bbox 1426 905 1520 964; x_wconf 85' lang='grc' dir='ltr'>καὶ</span> <span class='ocrx_word' id='word_1_70' title='bbox 1549 903 1651 980; x_wconf 82' lang='grc' dir='ltr'>τήν</span> <span class='ocrx_word' id='word_1_71' title='bbox 1680 905 1882 985; x_wconf 89' lang='grc' dir='ltr'>τέχνην</span> 
     </span>
     <span class='ocr_line' id='line_1_11' title="bbox 262 990 1880 1072; baseline 0.004 -22"><span class='ocrx_word' id='word_1_72' title='bbox 262 995 383 1051; x_wconf 75' lang='grc' dir='ltr'>τῶν</span> <span class='ocrx_word' id='word_1_73' title='bbox 405 992 597 1062; x_wconf 81' lang='grc' dir='ltr'>τόξων·</span> <span class='ocrx_word' id='word_1_74' title='bbox 642 990 846 1072; x_wconf 87' lang='grc' dir='ltr'>χρόνου</span> <span class='ocrx_word' id='word_1_75' title='bbox 867 991 927 1051; x_wconf 85' lang='grc' dir='ltr'>δὲ</span> <span class='ocrx_word' id='word_1_76' title='bbox 952 991 1272 1071; x_wconf 84' lang='grc' dir='ltr'>γενομένου,</span> <span class='ocrx_word' id='word_1_77' title='bbox 1295 991 1387 1050; x_wconf 85' lang='grc' dir='ltr'>καὶ</span> <span class='ocrx_word' id='word_1_78' title='bbox 1411 992 1519 1052; x_wconf 82' lang='grc' dir='ltr'>αἰεὶ</span> <span class='ocrx_word' id='word_1_79' title='bbox 1544 992 1880 1068; x_wconf 87' lang='grc' dir='ltr'>φοιτεόντων</span> 
     </span>
     <span class='ocr_line' id='line_1_12' title="bbox 261 1077 1885 1160; baseline 0.001 -21"><span class='ocrx_word' id='word_1_80' title='bbox 261 1082 385 1140; x_wconf 75' lang='grc' dir='ltr'>τῶν</span> <span class='ocrx_word' id='word_1_81' title='bbox 424 1081 679 1145; x_wconf 80' lang='grc' dir='ltr'>Σκυθέων</span> <span class='ocrx_word' id='word_1_82' title='bbox 720 1078 805 1139; x_wconf 83' lang='grc' dir='ltr'>ἐπ’</span> <span class='ocrx_word' id='word_1_83' title='bbox 845 1077 1023 1160; x_wconf 75' lang='grc' dir='ltr'>ἄγρην</span> <span class='ocrx_word' id='word_1_84' title='bbox 1064 1079 1158 1138; x_wconf 89' lang='grc' dir='ltr'>καὶ</span> <span class='ocrx_word' id='word_1_85' title='bbox 1198 1080 1311 1138; x_wconf 83' lang='grc' dir='ltr'>αἰεί</span> <span class='ocrx_word' id='word_1_86' title='bbox 1344 1104 1400 1139; x_wconf 88' lang='grc' dir='ltr'>τι</span> <span class='ocrx_word' id='word_1_87' title='bbox 1440 1078 1739 1158; x_wconf 82' lang='grc' dir='ltr'>φερόντων,</span> <span class='ocrx_word' id='word_1_88' title='bbox 1786 1083 1885 1141; x_wconf 86' lang='grc' dir='ltr'>καί</span> 
     </span>
     <span class='ocr_line' id='line_1_13' title="bbox 264 1166 1879 1249; baseline 0.001 -21"><span class='ocrx_word' id='word_1_89' title='bbox 264 1193 403 1228; x_wconf 86' lang='grc' dir='ltr'>κοτε</span> <span class='ocrx_word' id='word_1_90' title='bbox 432 1167 721 1249; x_wconf 85' lang='grc' dir='ltr'>συνήνεικε</span> <span class='ocrx_word' id='word_1_91' title='bbox 755 1169 905 1228; x_wconf 88' lang='grc' dir='ltr'>ελεῖν</span> <span class='ocrx_word' id='word_1_92' title='bbox 935 1172 1123 1242; x_wconf 87' lang='grc' dir='ltr'>σφεας</span> <span class='ocrx_word' id='word_1_93' title='bbox 1154 1167 1347 1244; x_wconf 85' lang='grc' dir='ltr'>μηδέν·</span> <span class='ocrx_word' id='word_1_94' title='bbox 1395 1166 1782 1243; x_wconf 84' lang='grc' dir='ltr'>νοστήσαντας</span> <span class='ocrx_word' id='word_1_95' title='bbox 1819 1169 1879 1229; x_wconf 85' lang='grc' dir='ltr'>δὲ</span> 
     </span>
     <span class='ocr_line' id='line_1_14' title="bbox 262 1253 1875 1336; baseline 0.002 -22"><span class='ocrx_word' id='word_1_96' title='bbox 262 1255 473 1320; x_wconf 74' lang='grc' dir='ltr'>αὐτους</span> <span class='ocrx_word' id='word_1_97' title='bbox 492 1260 708 1336; x_wconf 86' lang='grc' dir='ltr'>κεινῇσι</span> <span class='ocrx_word' id='word_1_98' title='bbox 731 1280 899 1336; x_wconf 92' lang='grc' dir='ltr'>χερσι</span> <span class='ocrx_word' id='word_1_99' title='bbox 919 1282 950 1315; x_wconf 95' lang='grc' dir='ltr'>ο</span> <span class='ocrx_word' id='word_1_100' title='bbox 934 1253 1288 1334; x_wconf 52' lang='grc' dir='ltr'>’Κυαξάρηῇ</span> <span class='ocrx_word' id='word_1_101' title='bbox 1306 1253 1399 1335; x_wconf 86' lang='grc' dir='ltr'>(ἦν</span> <span class='ocrx_word' id='word_1_102' title='bbox 1416 1281 1543 1336; x_wconf 87' lang='grc' dir='ltr'>γαρ,</span> <span class='ocrx_word' id='word_1_103' title='bbox 1566 1254 1636 1319; x_wconf 75' lang='grc' dir='ltr'>ὥς</span> <span class='ocrx_word' id='word_1_104' title='bbox 1655 1255 1875 1329; x_wconf 80' lang='grc' dir='ltr'>διέδεξε,</span> 
     </span>
     <span class='ocr_line' id='line_1_15' title="bbox 263 1341 1878 1426; baseline 0.002 -23"><span class='ocrx_word' id='word_1_105' title='bbox 263 1342 451 1426; x_wconf 74' lang='grc' dir='ltr'>ὀργήν</span> <span class='ocrx_word' id='word_1_106' title='bbox 488 1344 697 1424; x_wconf 83' lang='grc' dir='ltr'>ἅκρος,)</span> <span class='ocrx_word' id='word_1_107' title='bbox 726 1343 974 1422; x_wconf 81' lang='grc' dir='ltr'>τρηχέως</span> <span class='ocrx_word' id='word_1_108' title='bbox 1014 1343 1191 1421; x_wconf 85' lang='grc' dir='ltr'>κάρτα</span> <span class='ocrx_word' id='word_1_109' title='bbox 1229 1344 1500 1421; x_wconf 85' lang='grc' dir='ltr'>περιέσπε</span> <span class='ocrx_word' id='word_1_110' title='bbox 1540 1341 1765 1422; x_wconf 77' lang='grc' dir='ltr'>ἀεικείῃ·</span> <span class='ocrx_word' id='word_1_111' title='bbox 1823 1349 1878 1406; x_wconf 81' lang='grc' dir='ltr'>οἱ</span> 
     </span>
     <span class='ocr_line' id='line_1_16' title="bbox 263 1429 1878 1511; baseline 0.002 -20"><span class='ocrx_word' id='word_1_112' title='bbox 263 1431 335 1491; x_wconf 82' lang='grc' dir='ltr'>δὲ</span> <span class='ocrx_word' id='word_1_113' title='bbox 384 1436 560 1494; x_wconf 83' lang='grc' dir='ltr'>ταῦτα</span> <span class='ocrx_word' id='word_1_114' title='bbox 610 1430 751 1511; x_wconf 74' lang='grc' dir='ltr'>πρὸς</span> <span class='ocrx_word' id='word_1_115' title='bbox 797 1430 1101 1508; x_wconf 78' lang='grc' dir='ltr'>Κυαξάρεω</span> <span class='ocrx_word' id='word_1_116' title='bbox 1146 1429 1436 1503; x_wconf 87' lang='grc' dir='ltr'>παθόντες,</span> <span class='ocrx_word' id='word_1_117' title='bbox 1484 1430 1633 1493; x_wconf 78' lang='grc' dir='ltr'>ὥστε</span> <span class='ocrx_word' id='word_1_118' title='bbox 1679 1430 1878 1504; x_wconf 77' lang='grc' dir='ltr'>οἷνάξια</span> 
     </span>
     <span class='ocr_line' id='line_1_17' title="bbox 261 1518 1880 1600; baseline 0.002 -20"><span class='ocrx_word' id='word_1_119' title='bbox 261 1520 468 1596; x_wconf 87' lang='grc' dir='ltr'>σφέων</span> <span class='ocrx_word' id='word_1_120' title='bbox 519 1519 698 1581; x_wconf 73' lang='grc' dir='ltr'>αὐτῶν</span> <span class='ocrx_word' id='word_1_121' title='bbox 748 1518 1088 1584; x_wconf 82' lang='grc' dir='ltr'>πεπονθότες</span> <span class='ocrx_word' id='word_1_122' title='bbox 1155 1518 1508 1596; x_wconf 83' lang='grc' dir='ltr'>ἐβούλευσαν</span> <span class='ocrx_word' id='word_1_123' title='bbox 1564 1524 1676 1582; x_wconf 77' lang='grc' dir='ltr'>τῶν</span> <span class='ocrx_word' id='word_1_124' title='bbox 1725 1522 1880 1600; x_wconf 73' lang='grc' dir='ltr'>παρὰ</span> 
     </span>
     <span class='ocr_line' id='line_1_18' title="bbox 196 1607 1875 1687; baseline 0.002 -19"><span class='ocrx_word' id='word_1_125' title='bbox 196 1624 209 1638; x_wconf 94' lang='grc'><em>“</em></span> <span class='ocrx_word' id='word_1_126' title='bbox 263 1608 453 1684; x_wconf 87' lang='grc' dir='ltr'>σφίσι</span> <span class='ocrx_word' id='word_1_127' title='bbox 477 1608 885 1686; x_wconf 84' lang='grc' dir='ltr'>διδασκομένων</span> <span class='ocrx_word' id='word_1_128' title='bbox 918 1607 1132 1675; x_wconf 85' lang='grc' dir='ltr'>παίδων</span> <span class='ocrx_word' id='word_1_129' title='bbox 1165 1608 1261 1668; x_wconf 81' lang='grc' dir='ltr'>ἕνα</span> <span class='ocrx_word' id='word_1_130' title='bbox 1294 1607 1628 1687; x_wconf 84' lang='grc' dir='ltr'>κατακόψαι·</span> <span class='ocrx_word' id='word_1_131' title='bbox 1676 1610 1875 1671; x_wconf 85' lang='grc' dir='ltr'>σκευά-</span> 
     </span>
     <span class='ocr_line' id='line_1_19' title="bbox 262 1695 1877 1775; baseline 0.002 -19"><span class='ocrx_word' id='word_1_132' title='bbox 262 1721 475 1762; x_wconf 85' lang='grc' dir='ltr'>σαντες</span> <span class='ocrx_word' id='word_1_133' title='bbox 498 1696 558 1757; x_wconf 82' lang='grc' dir='ltr'>δὲ</span> <span class='ocrx_word' id='word_1_134' title='bbox 583 1696 753 1758; x_wconf 78' lang='grc' dir='ltr'>αὗτόν</span> <span class='ocrx_word' id='word_1_135' title='bbox 784 1696 973 1774; x_wconf 82' lang='grc' dir='ltr'>ὥσπερ</span> <span class='ocrx_word' id='word_1_136' title='bbox 996 1695 1243 1758; x_wconf 75' lang='grc' dir='ltr'>ἐώθεσαν</span> <span class='ocrx_word' id='word_1_137' title='bbox 1269 1696 1362 1756; x_wconf 87' lang='grc' dir='ltr'>καὶ</span> <span class='ocrx_word' id='word_1_138' title='bbox 1385 1695 1458 1757; x_wconf 85' lang='grc' dir='ltr'>τοὶ</span> <span class='ocrx_word' id='word_1_139' title='bbox 1484 1697 1652 1775; x_wconf 87' lang='grc' dir='ltr'>θηρία</span> <span class='ocrx_word' id='word_1_140' title='bbox 1679 1698 1877 1759; x_wconf 88' lang='grc' dir='ltr'>σκευά-</span> 
     </span>
     <span class='ocr_line' id='line_1_20' title="bbox 263 1783 1875 1866; baseline 0.004 -23"><span class='ocrx_word' id='word_1_141' title='bbox 263 1786 403 1856; x_wconf 85' lang='grc' dir='ltr'>ζειν,</span> <span class='ocrx_word' id='word_1_142' title='bbox 456 1784 739 1862; x_wconf 75' lang='grc' dir='ltr'>Κυαξάρεῖ</span> <span class='ocrx_word' id='word_1_143' title='bbox 790 1785 981 1846; x_wconf 83' lang='grc' dir='ltr'>δοῦναι</span> <span class='ocrx_word' id='word_1_144' title='bbox 1028 1786 1295 1863; x_wconf 87' lang='grc' dir='ltr'>φέροντες</span> <span class='ocrx_word' id='word_1_145' title='bbox 1346 1783 1417 1850; x_wconf 76' lang='grc' dir='ltr'>ὥς</span> <span class='ocrx_word' id='word_1_146' title='bbox 1468 1784 1646 1866; x_wconf 74' lang='grc' dir='ltr'>ἄγρην</span> <span class='ocrx_word' id='word_1_147' title='bbox 1692 1786 1875 1862; x_wconf 80' lang='grc' dir='ltr'>δῆθεν,</span> 
     </span>
     <span class='ocr_line' id='line_1_21' title="bbox 263 1871 1879 1952; baseline 0.001 -19"><span class='ocrx_word' id='word_1_148' title='bbox 263 1871 461 1947; x_wconf 75' lang='grc' dir='ltr'>δόντες</span> <span class='ocrx_word' id='word_1_149' title='bbox 485 1873 561 1945; x_wconf 78' lang='grc' dir='ltr'>δὲ,</span> <span class='ocrx_word' id='word_1_150' title='bbox 588 1872 696 1950; x_wconf 68' lang='grc' dir='ltr'>τήν</span> <span class='ocrx_word' id='word_1_151' title='bbox 724 1873 1004 1952; x_wconf 86' lang='grc' dir='ltr'>ταχίστην</span> <span class='ocrx_word' id='word_1_152' title='bbox 1031 1873 1357 1950; x_wconf 84' lang='grc' dir='ltr'>κομίζεσθαι</span> <span class='ocrx_word' id='word_1_153' title='bbox 1387 1873 1543 1952; x_wconf 74' lang='grc' dir='ltr'>παρὰ</span> <span class='ocrx_word' id='word_1_154' title='bbox 1567 1873 1879 1935; x_wconf 78' lang='grc' dir='ltr'>Ἀλυάττεα</span> 
     </span>
     <span class='ocr_line' id='line_1_22' title="bbox 261 1959 1877 2043; baseline 0.002 -22"><span class='ocrx_word' id='word_1_155' title='bbox 261 1959 372 2022; x_wconf 76' lang='grc' dir='ltr'>τᾶν</span> <span class='ocrx_word' id='word_1_156' title='bbox 413 1961 771 2039; x_wconf 78' lang='grc' dir='ltr'>Σαρδυάττεω</span> <span class='ocrx_word' id='word_1_157' title='bbox 814 1965 889 2024; x_wconf 49' lang='grc' dir='ltr'>ἐς·</span> <span class='ocrx_word' id='word_1_158' title='bbox 903 1959 1125 2038; x_wconf 78' lang='grc' dir='ltr'>Σάρδις.</span> <span class='ocrx_word' id='word_1_159' title='bbox 1206 1963 1382 2021; x_wconf 82' lang='grc' dir='ltr'>ταῦτα</span> <span class='ocrx_word' id='word_1_160' title='bbox 1414 1963 1507 2022; x_wconf 86' lang='grc' dir='ltr'>καὶ</span> <span class='ocrx_word' id='word_1_161' title='bbox 1537 1961 1608 2038; x_wconf 77' lang='grc' dir='ltr'>δή</span> <span class='ocrx_word' id='word_1_162' title='bbox 1640 1963 1877 2043; x_wconf 88' lang='grc' dir='ltr'>ἐγένετο·</span> 
     </span>
     <span class='ocr_line' id='line_1_23' title="bbox 264 2047 1878 2130; baseline 0.002 -21"><span class='ocrx_word' id='word_1_163' title='bbox 264 2048 367 2109; x_wconf 84' lang='grc' dir='ltr'>καὶ</span> <span class='ocrx_word' id='word_1_164' title='bbox 400 2048 524 2130; x_wconf 70' lang='grc' dir='ltr'>γὰρ·</span> <span class='ocrx_word' id='word_1_165' title='bbox 545 2048 843 2127; x_wconf 78' lang='grc' dir='ltr'>Κυαξάρης</span> <span class='ocrx_word' id='word_1_166' title='bbox 876 2049 971 2108; x_wconf 85' lang='grc' dir='ltr'>καὶ</span> <span class='ocrx_word' id='word_1_167' title='bbox 1004 2050 1059 2109; x_wconf 77' lang='grc' dir='ltr'>οἱ</span> <span class='ocrx_word' id='word_1_168' title='bbox 1086 2047 1387 2126; x_wconf 87' lang='grc' dir='ltr'>παρεόντες</span> <span class='ocrx_word' id='word_1_169' title='bbox 1417 2048 1738 2128; x_wconf 81' lang='grc' dir='ltr'>δαιτυμόνες</span> <span class='ocrx_word' id='word_1_170' title='bbox 1765 2056 1878 2113; x_wconf 75' lang='grc' dir='ltr'>τῶν</span> 
     </span>
     <span class='ocr_line' id='line_1_24' title="bbox 266 2135 1877 2215; baseline 0 -18"><span class='ocrx_word' id='word_1_171' title='bbox 266 2141 446 2214; x_wconf 76' lang='grc' dir='ltr'>κρεῶν</span> <span class='ocrx_word' id='word_1_172' title='bbox 467 2135 674 2199; x_wconf 80' lang='grc' dir='ltr'>τούτων</span> <span class='ocrx_word' id='word_1_173' title='bbox 702 2136 1004 2197; x_wconf 81' lang='grc' dir='ltr'>ἐπάσαντο·</span> <span class='ocrx_word' id='word_1_174' title='bbox 1067 2136 1161 2196; x_wconf 87' lang='grc' dir='ltr'>καὶ</span> <span class='ocrx_word' id='word_1_175' title='bbox 1187 2139 1242 2196; x_wconf 79' lang='grc' dir='ltr'>οἱ</span> <span class='ocrx_word' id='word_1_176' title='bbox 1274 2135 1485 2202; x_wconf 81' lang='grc' dir='ltr'>Σκύθαι</span> <span class='ocrx_word' id='word_1_177' title='bbox 1507 2141 1684 2198; x_wconf 82' lang='grc' dir='ltr'>ταῦτα</span> <span class='ocrx_word' id='word_1_178' title='bbox 1716 2138 1877 2215; x_wconf 81' lang='grc' dir='ltr'>ποιή-</span> 
     </span>
    </p>
   </div>
   <div class='ocr_carea' id='block_1_2' title="bbox 264 2223 1972 2305">
    <p class='ocr_par' dir='ltr' id='par_1_2' title="bbox 264 2223 1972 2305">
     <span class='ocr_line' id='line_1_25' title="bbox 264 2223 1972 2305; baseline 0.001 -20"><span class='ocrx_word' id='word_1_179' title='bbox 264 2250 471 2290; x_wconf 85' lang='grc' dir='ltr'>σαντες</span> <span class='ocrx_word' id='word_1_180' title='bbox 498 2223 817 2289; x_wconf 74' lang='grc' dir='ltr'>Ἀλυάττεω</span> <span class='ocrx_word' id='word_1_181' title='bbox 854 2224 1028 2284; x_wconf 80' lang='grc' dir='ltr'>ἱκέται</span> <span class='ocrx_word' id='word_1_182' title='bbox 1061 2223 1334 2305; x_wconf 88' lang='grc' dir='ltr'>ἐγένοντο.</span> <span class='ocrx_word' id='word_1_183' title='bbox 1415 2224 1579 2284; x_wconf 81' lang='grc' dir='ltr'>Μετοὶ</span> <span class='ocrx_word' id='word_1_184' title='bbox 1613 2225 1672 2283; x_wconf 87' lang='grc' dir='ltr'>δὲ</span> <span class='ocrx_word' id='word_1_185' title='bbox 1700 2231 1876 2287; x_wconf 82' lang='grc' dir='ltr'>ταῦτα</span> <span class='ocrx_word' id='word_1_186' title='bbox 1893 2227 1972 2289; x_wconf 77' lang='grc'>74</span> 
     </span>
    </p>
   </div>
   <div class='ocr_carea' id='block_1_3' title="bbox 263 2310 1882 3362">
    <p class='ocr_par' dir='ltr' id='par_1_3' title="bbox 263 2310 1882 3362">
     <span class='ocr_line' id='line_1_26' title="bbox 346 2310 1760 2337; baseline -0.004 0"><span class='ocrx_word' id='word_1_187' title='bbox 346 2313 362 2332; x_wconf 75' lang='lat'>²</span> <span class='ocrx_word' id='word_1_188' title='bbox 443 2313 460 2336; x_wconf 62' lang='lat' dir='ltr'>x</span> <span class='ocrx_word' id='word_1_189' title='bbox 584 2312 600 2335; x_wconf 59' lang='lat' dir='ltr'>x</span> <span class='ocrx_word' id='word_1_190' title='bbox 650 2312 668 2332; x_wconf 74' lang='grc' dir='ltr'>ε</span> <span class='ocrx_word' id='word_1_191' title='bbox 697 2313 714 2332; x_wconf 80' lang='grc' dir='ltr'>ε</span> <span class='ocrx_word' id='word_1_192' title='bbox 860 2311 877 2333; x_wconf 77' lang='lat' dir='ltr'><em>e</em></span> <span class='ocrx_word' id='word_1_193' title='bbox 1052 2316 1068 2335; x_wconf 61' lang='grc' dir='ltr'>ς</span> <span class='ocrx_word' id='word_1_194' title='bbox 1174 2310 1190 2331; x_wconf 70' lang='lat' dir='ltr'><em>t</em></span> <span class='ocrx_word' id='word_1_195' title='bbox 1401 2310 1417 2331; x_wconf 65' lang='lat' dir='ltr'>x</span> <span class='ocrx_word' id='word_1_196' title='bbox 1577 2311 1594 2332; x_wconf 77' lang='lat' dir='ltr'><em>t</em></span> <span class='ocrx_word' id='word_1_197' title='bbox 1744 2318 1760 2337; x_wconf 87' lang='lat'>‚</span> 
     </span>
     <span class='ocr_line' id='line_1_27' title="bbox 264 2311 1876 2396; baseline -0.001 -23"><span class='ocrx_word' id='word_1_198' title='bbox 264 2314 362 2395; x_wconf 87' lang='lat' dir='ltr'>(ov</span> <span class='ocrx_word' id='word_1_199' title='bbox 385 2340 497 2396; x_wconf 91' lang='grc' dir='ltr'>γαρ</span> <span class='ocrx_word' id='word_1_200' title='bbox 531 2314 601 2390; x_wconf 86' lang='grc' dir='ltr'>δη</span> <span class='ocrx_word' id='word_1_201' title='bbox 634 2340 667 2373; x_wconf 94' lang='grc' dir='ltr'>ο</span> <span class='ocrx_word' id='word_1_202' title='bbox 714 2317 1010 2388; x_wconf 88' lang='grc' dir='ltr'>Αλυαττης</span> <span class='ocrx_word' id='word_1_203' title='bbox 1042 2311 1284 2381; x_wconf 81' lang='grc' dir='ltr'>εξεδιδου</span> <span class='ocrx_word' id='word_1_204' title='bbox 1318 2336 1449 2374; x_wconf 86' lang='grc' dir='ltr'>τους</span> <span class='ocrx_word' id='word_1_205' title='bbox 1479 2312 1697 2375; x_wconf 82' lang='grc' dir='ltr'>Σκυθας</span> <span class='ocrx_word' id='word_1_206' title='bbox 1735 2315 1876 2384; x_wconf 81' lang='grc' dir='ltr'>εξαι-</span> 
     </span>
     <span class='ocr_line' id='line_1_28' title="bbox 264 2396 1878 2483; baseline 0.001 -24"><span class='ocrx_word' id='word_1_207' title='bbox 264 2402 452 2469; x_wconf 83' lang='grc' dir='ltr'>τέοντι</span> <span class='ocrx_word' id='word_1_208' title='bbox 492 2398 801 2483; x_wconf 73' lang='grc' dir='ltr'>Κυαξάρεῖ)</span> <span class='ocrx_word' id='word_1_209' title='bbox 827 2399 1078 2478; x_wconf 88' lang='grc' dir='ltr'>πόλεμος</span> <span class='ocrx_word' id='word_1_210' title='bbox 1117 2400 1273 2461; x_wconf 84' lang='grc' dir='ltr'>τοῖσι</span> <span class='ocrx_word' id='word_1_211' title='bbox 1310 2397 1552 2458; x_wconf 80' lang='grc' dir='ltr'>Λυδοῖσι</span> <span class='ocrx_word' id='word_1_212' title='bbox 1591 2400 1685 2459; x_wconf 81' lang='grc' dir='ltr'>καὶ</span> <span class='ocrx_word' id='word_1_213' title='bbox 1722 2396 1878 2462; x_wconf 83' lang='grc' dir='ltr'>τοῖσι</span> 
     </span>
     <span class='ocr_line' id='line_1_29' title="bbox 266 2486 1877 2570; baseline 0 -22"><span class='ocrx_word' id='word_1_214' title='bbox 266 2488 528 2564; x_wconf 86' lang='grc' dir='ltr'>Μήδοισι</span> <span class='ocrx_word' id='word_1_215' title='bbox 553 2488 803 2570; x_wconf 79' lang='grc' dir='ltr'>ἐγεγόνεε</span> <span class='ocrx_word' id='word_1_216' title='bbox 831 2486 915 2548; x_wconf 86' lang='grc' dir='ltr'>ἐπ’</span> <span class='ocrx_word' id='word_1_217' title='bbox 955 2489 1077 2548; x_wconf 81' lang='grc' dir='ltr'>ἔτεα</span> <span class='ocrx_word' id='word_1_218' title='bbox 1102 2487 1285 2548; x_wconf 80' lang='grc' dir='ltr'>πέντε·</span> <span class='ocrx_word' id='word_1_219' title='bbox 1328 2490 1386 2547; x_wconf 91' lang='grc' dir='ltr'>ἐν</span> <span class='ocrx_word' id='word_1_220' title='bbox 1412 2490 1568 2547; x_wconf 81' lang='grc' dir='ltr'>τοῖσι</span> <span class='ocrx_word' id='word_1_221' title='bbox 1598 2487 1877 2554; x_wconf 85' lang='grc' dir='ltr'>πολλάκις</span> 
     </span>
     <span class='ocr_line' id='line_1_30' title="bbox 265 2574 1878 2654; baseline 0 -17"><span class='ocrx_word' id='word_1_222' title='bbox 265 2577 374 2654; x_wconf 76' lang='grc' dir='ltr'>μὲν</span> <span class='ocrx_word' id='word_1_223' title='bbox 400 2580 455 2637; x_wconf 78' lang='grc' dir='ltr'>οἶ</span> <span class='ocrx_word' id='word_1_224' title='bbox 480 2578 673 2653; x_wconf 86' lang='grc' dir='ltr'>Μῆδοι</span> <span class='ocrx_word' id='word_1_225' title='bbox 702 2576 836 2641; x_wconf 75' lang='grc' dir='ltr'>τοῦς</span> <span class='ocrx_word' id='word_1_226' title='bbox 865 2575 1395 2652; x_wconf 75' lang='grc' dir='ltr'>Λυδοῦςένίκησαν,</span> <span class='ocrx_word' id='word_1_227' title='bbox 1425 2574 1703 2641; x_wconf 88' lang='grc' dir='ltr'>πολλάκις</span> <span class='ocrx_word' id='word_1_228' title='bbox 1729 2575 1789 2635; x_wconf 76' lang='grc' dir='ltr'>δὲ</span> <span class='ocrx_word' id='word_1_229' title='bbox 1821 2580 1878 2637; x_wconf 79' lang='grc' dir='ltr'>οἱ</span> 
     </span>
     <span class='ocr_line' id='line_1_31' title="bbox 263 2662 1878 2744; baseline 0.002 -22"><span class='ocrx_word' id='word_1_230' title='bbox 263 2663 445 2724; x_wconf 86' lang='grc' dir='ltr'>Λυδοὶ</span> <span class='ocrx_word' id='word_1_231' title='bbox 489 2662 620 2728; x_wconf 76' lang='grc' dir='ltr'>τούς</span> <span class='ocrx_word' id='word_1_232' title='bbox 666 2662 918 2739; x_wconf 89' lang='grc' dir='ltr'>Μήδους·</span> <span class='ocrx_word' id='word_1_233' title='bbox 986 2668 1045 2724; x_wconf 91' lang='grc' dir='ltr'>ἐν</span> <span class='ocrx_word' id='word_1_234' title='bbox 1084 2663 1162 2735; x_wconf 81' lang='grc' dir='ltr'>δὲ,</span> <span class='ocrx_word' id='word_1_235' title='bbox 1205 2663 1298 2722; x_wconf 87' lang='grc' dir='ltr'>καὶ</span> <span class='ocrx_word' id='word_1_236' title='bbox 1337 2665 1710 2744; x_wconf 85' lang='grc' dir='ltr'>νυκτομαχίην</span> <span class='ocrx_word' id='word_1_237' title='bbox 1752 2665 1878 2726; x_wconf 75' lang='grc' dir='ltr'>τινὰ</span> 
     </span>
     <span class='ocr_line' id='line_1_32' title="bbox 267 2750 1879 2833; baseline 0.001 -22"><span class='ocrx_word' id='word_1_238' title='bbox 267 2750 627 2830; x_wconf 86' lang='grc' dir='ltr'>ἐποιήσαντο.</span> <span class='ocrx_word' id='word_1_239' title='bbox 714 2751 1048 2833; x_wconf 86' lang='grc' dir='ltr'>διαφέρουσι</span> <span class='ocrx_word' id='word_1_240' title='bbox 1074 2751 1138 2811; x_wconf 91' lang='grc' dir='ltr'>δέ</span> <span class='ocrx_word' id='word_1_241' title='bbox 1170 2757 1285 2827; x_wconf 92' lang='grc' dir='ltr'>σφι</span> <span class='ocrx_word' id='word_1_242' title='bbox 1311 2752 1403 2812; x_wconf 87' lang='grc' dir='ltr'>ἐπὶ</span> <span class='ocrx_word' id='word_1_243' title='bbox 1432 2752 1563 2829; x_wconf 82' lang='grc' dir='ltr'>ἴσης</span> <span class='ocrx_word' id='word_1_244' title='bbox 1585 2752 1685 2813; x_wconf 80' lang='grc' dir='ltr'>τόν</span> <span class='ocrx_word' id='word_1_245' title='bbox 1708 2753 1879 2814; x_wconf 87' lang='grc' dir='ltr'>πόλε-</span> 
     </span>
     <span class='ocr_line' id='line_1_33' title="bbox 267 2839 1879 2921; baseline -0.001 -19"><span class='ocrx_word' id='word_1_246' title='bbox 267 2865 394 2913; x_wconf 83' lang='grc' dir='ltr'>μον,</span> <span class='ocrx_word' id='word_1_247' title='bbox 432 2844 513 2921; x_wconf 78' lang='grc' dir='ltr'>τῷ</span> <span class='ocrx_word' id='word_1_248' title='bbox 554 2841 691 2920; x_wconf 76' lang='grc' dir='ltr'>ἕκτῳ</span> <span class='ocrx_word' id='word_1_249' title='bbox 730 2839 841 2900; x_wconf 79' lang='grc' dir='ltr'>ἔτεϊ</span> <span class='ocrx_word' id='word_1_250' title='bbox 879 2841 1187 2917; x_wconf 81' lang='grc' dir='ltr'>συμβολῆς</span> <span class='ocrx_word' id='word_1_251' title='bbox 1225 2840 1541 2920; x_wconf 83' lang='grc' dir='ltr'>γενομένης,</span> <span class='ocrx_word' id='word_1_252' title='bbox 1591 2841 1879 2916; x_wconf 87' lang='grc' dir='ltr'>συνήνεικε</span> 
     </span>
     <span class='ocr_line' id='line_1_34' title="bbox 268 2925 1880 3006; baseline -0.002 -16"><span class='ocrx_word' id='word_1_253' title='bbox 268 2927 420 2990; x_wconf 79' lang='grc' dir='ltr'>ὥστε</span> <span class='ocrx_word' id='word_1_254' title='bbox 446 2932 552 3005; x_wconf 83' lang='grc' dir='ltr'>τῆς</span> <span class='ocrx_word' id='word_1_255' title='bbox 583 2927 772 3006; x_wconf 82' lang='grc' dir='ltr'>μάχης</span> <span class='ocrx_word' id='word_1_256' title='bbox 807 2927 1198 3003; x_wconf 80' lang='grc' dir='ltr'>συνεστεώσης</span> <span class='ocrx_word' id='word_1_257' title='bbox 1231 2925 1335 3002; x_wconf 76' lang='grc' dir='ltr'>τὴν</span> <span class='ocrx_word' id='word_1_258' title='bbox 1374 2927 1588 3005; x_wconf 75' lang='grc' dir='ltr'>ἡμέρην</span> <span class='ocrx_word' id='word_1_259' title='bbox 1620 2927 1880 3003; x_wconf 80' lang='grc' dir='ltr'>ἐξαπίνης</span> 
     </span>
     <span class='ocr_line' id='line_1_35' title="bbox 269 3014 1878 3097; baseline 0.001 -22"><span class='ocrx_word' id='word_1_260' title='bbox 269 3015 441 3076; x_wconf 74' lang='grc' dir='ltr'>νύκτα</span> <span class='ocrx_word' id='word_1_261' title='bbox 494 3017 779 3097; x_wconf 87' lang='grc' dir='ltr'>γενέσθαι.</span> <span class='ocrx_word' id='word_1_262' title='bbox 859 3014 964 3092; x_wconf 77' lang='grc' dir='ltr'>τήν</span> <span class='ocrx_word' id='word_1_263' title='bbox 1009 3015 1069 3074; x_wconf 81' lang='grc' dir='ltr'>δὲ</span> <span class='ocrx_word' id='word_1_264' title='bbox 1113 3015 1482 3092; x_wconf 78' lang='grc' dir='ltr'>μεταλλαγὴν</span> <span class='ocrx_word' id='word_1_265' title='bbox 1526 3014 1731 3091; x_wconf 78' lang='grc' dir='ltr'>ταύτην</span> <span class='ocrx_word' id='word_1_266' title='bbox 1775 3019 1878 3091; x_wconf 78' lang='grc' dir='ltr'>τῆς</span> 
     </span>
     <span class='ocr_line' id='line_1_36' title="bbox 267 3100 1882 3182; baseline 0 -19"><span class='ocrx_word' id='word_1_267' title='bbox 267 3101 484 3181; x_wconf 75' lang='grc' dir='ltr'>ἡμέρης</span> <span class='ocrx_word' id='word_1_268' title='bbox 508 3108 702 3179; x_wconf 83' lang='grc' dir='ltr'>Θαλῆς</span> <span class='ocrx_word' id='word_1_269' title='bbox 735 3103 770 3167; x_wconf 75' lang='grc' dir='ltr'><em>ὅ</em></span> <span class='ocrx_word' id='word_1_270' title='bbox 807 3102 1101 3178; x_wconf 87' lang='grc' dir='ltr'>Μιλήσιος</span> <span class='ocrx_word' id='word_1_271' title='bbox 1131 3105 1286 3161; x_wconf 83' lang='grc' dir='ltr'>τοῖσι</span> <span class='ocrx_word' id='word_1_272' title='bbox 1306 3101 1467 3161; x_wconf 85' lang='grc' dir='ltr'>Ἴωσι</span> <span class='ocrx_word' id='word_1_273' title='bbox 1497 3100 1882 3182; x_wconf 88' lang='grc' dir='ltr'>προηγόρευσε</span> 
     </span>
     <span class='ocr_line' id='line_1_37' title="bbox 268 3187 1881 3270; baseline -0.001 -17"><span class='ocrx_word' id='word_1_274' title='bbox 268 3188 526 3262; x_wconf 70' lang='grc' dir='ltr'>ἔσεσθαι,</span> <span class='ocrx_word' id='word_1_275' title='bbox 561 3190 725 3269; x_wconf 73' lang='grc' dir='ltr'>οὖρον</span> <span class='ocrx_word' id='word_1_276' title='bbox 757 3191 1100 3270; x_wconf 86' lang='grc' dir='ltr'>προθέμενος</span> <span class='ocrx_word' id='word_1_277' title='bbox 1131 3187 1379 3248; x_wconf 75' lang='grc' dir='ltr'>ἐνιαυτὸν</span> <span class='ocrx_word' id='word_1_278' title='bbox 1408 3192 1605 3250; x_wconf 83' lang='grc' dir='ltr'>τοῦτον</span> <span class='ocrx_word' id='word_1_279' title='bbox 1636 3194 1695 3250; x_wconf 92' lang='grc' dir='ltr'>ἐν</span> <span class='ocrx_word' id='word_1_280' title='bbox 1730 3187 1773 3268; x_wconf 84' lang='grc' dir='ltr'>ᾧ</span> <span class='ocrx_word' id='word_1_281' title='bbox 1810 3190 1881 3266; x_wconf 81' lang='grc' dir='ltr'>δὴ</span> 
     </span>
     <span class='ocr_line' id='line_1_38' title="bbox 272 3275 1882 3362; baseline -0.003 -21"><span class='ocrx_word' id='word_1_282' title='bbox 272 3280 367 3341; x_wconf 66' lang='grc' dir='ltr'>καὶ</span> <span class='ocrx_word' id='word_1_283' title='bbox 414 3279 636 3362; x_wconf 82' lang='grc' dir='ltr'>ἐγένετο</span> <span class='ocrx_word' id='word_1_284' title='bbox 679 3278 720 3355; x_wconf 79' lang='grc' dir='ltr'><em>ἦ</em></span> <span class='ocrx_word' id='word_1_285' title='bbox 764 3277 1084 3357; x_wconf 86' lang='grc' dir='ltr'>μεταβολή.</span> <span class='ocrx_word' id='word_1_286' title='bbox 1168 3278 1224 3335; x_wconf 80' lang='grc' dir='ltr'>οἶ</span> <span class='ocrx_word' id='word_1_287' title='bbox 1268 3275 1329 3335; x_wconf 86' lang='grc' dir='ltr'>δὲ</span> <span class='ocrx_word' id='word_1_288' title='bbox 1364 3276 1545 3335; x_wconf 83' lang='grc' dir='ltr'>Λυδοί</span> <span class='ocrx_word' id='word_1_289' title='bbox 1577 3302 1640 3338; x_wconf 90' lang='grc' dir='ltr'>τε</span> <span class='ocrx_word' id='word_1_290' title='bbox 1687 3278 1780 3337; x_wconf 82' lang='grc' dir='ltr'>καὶ</span> <span class='ocrx_word' id='word_1_291' title='bbox 1827 3280 1882 3337; x_wconf 81' lang='grc' dir='ltr'>οἶ</span> 
     </span>
    </p>
   </div>
   <div class='ocr_carea' id='block_1_4' title="bbox 72 3492 349 3507">
    <p class='ocr_par' dir='ltr' id='par_1_4' title="bbox 72 3492 349 3507">
     <span class='ocr_line' id='line_1_39' title="bbox 72 3492 349 3507; baseline 0 0"><span class='ocrx_word' id='word_1_292' title='bbox 72 3492 275 3507; x_wconf 82' lang='grc' dir='ltr'>-Ι-</span> <span class='ocrx_word' id='word_1_293' title='bbox 294 3504 349 3507; x_wconf 33' lang='grc' dir='ltr'>-υ-</span> 
     </span>
    </p>
   </div>
   <div class='ocr_carea' id='block_1_5' title="bbox 2173 5 2181 1507">
    <p class='ocr_par' dir='ltr' id='par_1_5' title="bbox 2173 5 2181 1507">
     <span class='ocr_line' id='line_1_40' title="bbox 2173 5 2181 1507; baseline 0 0"><span class='ocrx_word' id='word_1_294' title='bbox 2173 5 2181 1507; x_wconf 95' lang='lat' dir='ltr'> </span> 
     </span>
    </p>
   </div>
  </div>
 </body>
</html>
