2184 3517
256 75 484 142 37—43]
841 79 1296 133 mmmm-NH.
1767 81 1869 133 295

254 153 494 232 Ἰνδικῆς
539 157 776 219 οἰκέεται
819 156 1013 233 Ἀσίη·
1056 158 1125 221 τὸ
1166 160 1227 220 δὲ
1266 159 1382 221 οἷπό
1414 159 1619 238 ταύτης
1652 163 1861 237 ἐρῆμος

252 241 368 318 ἤδη
392 243 460 303 τὸ
490 244 626 321 πρός
650 245 755 321 τὴν
779 244 879 322 ἠῶ,
908 245 1021 306 οὐδ’
1049 247 1164 326 ἔχει
1189 245 1365 310 οὐδεὶς
1403 245 1624 322 φράσαι
1651 247 1770 307 οἷον
1795 246 1867 322 δή
2013 320 2022 329 .

252 331 317 388 τί
340 336 483 392 ἐστι·
523 332 754 409 τοιαύτη
779 335 883 410 μὲν
909 335 1000 393 καὶ
1032 333 1283 410 τοσαύτη
1309 334 1347 410 ἦ
1373 333 1544 410 Ἀσίη
1573 334 1716 393 ἐστί.
1784 333 1860 393 Ἡ
1879 336 1952 394 41

253 417 319 476 δὲ
359 417 551 495 Λιβύη
593 424 652 480 ἐν
689 425 762 500 τῇ
802 420 946 500 α’,κτῇ
984 425 1057 500 τῇ
1098 422 1256 502 ἑτέρῃ
1293 422 1435 481 ἐστί·
1477 419 1593 482 α’πό
1627 420 1738 502 γὰρ
1764 425 1859 481 Αἶ-

251 505 475 585 γύπτου
512 507 706 618 Λιβύη
747 507 855 585 ἤδη
903 509 1197 570 ἐκδέκεται.
1285 508 1427 572 κατὰ
1471 511 1576 586 μέν
1622 534 1719 569 νυν
1763 508 1861 568 Αἵ·-

250 602 473 672 γυπτον
491 594 530 671 ἦ
556 594 698 672 οἷκτή
727 621 867 672 αυτη
894 597 1089 673 στεινή
1118 602 1261 658 ἐστι·
1292 596 1406 658 ἄπο
1430 596 1543 679 γὰρ
1561 597 1738 672 τῆσδε
1760 601 1862 674 τῆς

253 679 614 793 θαλάσσης’
588 709 643 747 ες
667 683 772 759 τήν
795 682 1073 763 Ἐρυθρὴν
1115 684 1419 746 θάλασσαν
1445 685 1577 745 δέκα
1601 684 1862 794 μυριαδες

251 769 374 829 εἰσὶ
400 769 677 850 ὀργυιέων·
720 768 884 831 αὗται
918 770 1025 831 δ’
992 798 1060 833 αν
1086 772 1196 833 εἶεν
1218 775 1399 853 χίλιοι
1424 767 1665 833 στάδιοι·
1704 771 1772 832 vo*
1801 773 1862 832 δὲ

250 853 375 916 atur&
428 862 527 917 τοῦ
574 863 797 920 στεινοῦ
847 860 1048 921 τούτου
1101 859 1278 937 κάρτα
1327 861 1548 922 πλατέα
1597 859 1861 942 τυγχάνει

251 946 435 1004 ἐοῦσα
467 945 505 1022 ἦ
541 945 682 1023 α’κτή
718 946 839 1024 ἥτις
876 946 1070 1024 Λιβύη
1107 949 1390 1025 κέκληται.

342 1033 701 1111 Θωυμοίζω’
661 1060 735 1095 ων
765 1038 875 1098 τῶν
902 1036 1298 1113 διουρισάντων
1324 1037 1417 1096 καὶ
1443 1035 1736 1098 διελόντων
1759 1044 1856 1096 Λι·
1876 1039 1955 1098 42

248 1118 408 1196 βύην
430 1146 494 1182 τε
518 1123 611 1182 καὶ
635 1121 840 1199 Ἀσίην
868 1124 960 1184 καὶ
983 1123 1278 1202 Εὐρώπην·
1320 1122 1387 1184 ού
1410 1124 1521 1205 γὰρ
1548 1123 1761 1202 σμικροὶ
1785 1124 1860 1184 τοὶ

252 1207 598 1286 διαφέροντα
634 1210 840 1272 αύτέων
876 1214 1019 1273 ἐστί·
1059 1211 1227 1289 μήκεϊ
1251 1214 1356 1289 μὲν
1379 1211 1491 1293 γοὶρ
1515 1211 1647 1288 παρ’
1673 1210 1858 1288 ἄμφο-

247 1297 421 1373 τέρας
450 1299 689 1377 παρήκει
718 1298 757 1376 ή
788 1299 1049 1378 Ευρωπη,
1078 1299 1263 1378 εὔρεος
1293 1299 1355 1360 δὲ
1388 1300 1532 1376 πέρι,
1562 1298 1688 1359 οὐδὲ
1712 1326 1855 1378 συμ-

248 1385 491 1460 βαλέειν
531 1386 658 1463 ἀξίη
700 1388 966 1464 φαίνεταί
997 1414 1099 1466 μοι
1143 1387 1301 1449 εἶναι.
1368 1387 1560 1464 Λιβύη
1597 1390 1703 1467 μὲν
1741 1387 1853 1470 γὰρ

252 1470 429 1548 δηλοῖ
465 1473 668 1551 ἑωυτὴν
707 1478 883 1536 ἐοῦσα
919 1477 1265 1554 περίρρυτος,
1305 1475 1459 1552 πλὴν
1505 1474 1644 1536 ὅσον
1687 1475 1859 1551 αὐτῆς

250 1585 401 1636 προς
426 1588 529 1638 την
552 1562 756 1640 Ἀσίην
782 1564 1000 1643 οὐρίζει,
1027 1565 1197 1625 Νεκω
1218 1568 1320 1626 τοῦ
1345 1565 1682 1676 Αἰγυπτίωνέ
1685 1566 1858 1640 βασι-

251 1649 391 1712 λέος
421 1649 644 1728 πρώτου
677 1677 788 1714 των
813 1651 975 1729 ἡμεῖς
1008 1653 1168 1730 ἴδμεν
1195 1652 1608 1723 καταδέξαντος·
1649 1678 1713 1716 ος
1737 1652 1864 1713 ἐπεί

249 1760 323 1796 τε
345 1736 448 1812 τὴν
468 1738 753 1818 διώρυχα’
729 1739 1015 1801 επαύσατο
1042 1739 1301 1818 ὀρύσσων
1316 1739 1418 1817 τὴν
1439 1745 1500 1800 ἐκ
1519 1766 1619 1801 του
1592 1739 1855 1801 Νείλου

252 1823 556 1904 διέχουσαν
585 1832 642 1891 ἐς
671 1826 773 1889 τὸν
808 1826 1084 1905 Ἀράβιον
1124 1829 1355 1902 κόλπον,
1393 1827 1689 1907 ἀπέπεμψε
1727 1828 1858 1888 Φοί-

251 1937 413 1977 νικας
451 1911 653 1993 ἄνδρας
682 1916 956 1987 πλοίοισι,
985 1917 1368 1995 ἐντειλάμενος
1400 1922 1457 1981 ἐς
1481 1915 1547 1978 τὸ
1575 1916 1760 1978 ὀπίσω
1785 1915 1855 1976 δι’

251 1997 612 2085 Ἡρακληΐων
651 2003 907 2081 στηλέων
937 2003 1247 2064 διεκπλέειν
1273 2004 1372 2068 ἕως
1401 2009 1458 2067 ἐς
1487 2002 1592 2080 τὴν
1615 2004 1859 2082 βορηΐην

255 2087 580 2161 θάλασσαν,
617 2092 710 2150 καὶ
742 2090 884 2152 οὕτω
916 2097 974 2156 ἐς
1004 2093 1292 2172 Αἴγυπτον
1321 2090 1702 2153 ἀπικνέεσθαι.
1762 2090 1855 2169 ὄρ-

250 2176 523 2252 μηθέντες
555 2176 630 2239 ὧν
662 2181 717 2239 οἶ
751 2180 1000 2246 Φοίνικες
1025 2185 1087 2240 ἐκ
1113 2183 1217 2255 τῆς
1239 2178 1513 2257 Ἐρυθρῆς
1536 2178 1855 2255 θαλάσσης,

252 2262 459 2324 ἔπλεον
480 2265 586 2342 τήν
609 2267 799 2344 νοτίην
824 2267 1150 2329 θάλασσαν·
1190 2265 1328 2330 ὅκως
1353 2266 1413 2326 δὲ
1430 2266 1642 2347 γίνοιτο
1661 2267 1856 2343 φθινό-

251 2375 459 2428 πωρον,
500 2354 913 2435 προσίσχοντες
952 2354 1023 2417 ἂν
1065 2354 1404 2432 σπείρεσκον
1444 2353 1549 2430 τήν
1589 2357 1714 2436 γῆν,
1764 2354 1856 2415 ἵνα

251 2438 523 2502 ἑκάστοτε
566 2445 668 2518 τῆς
711 2441 935 2520 Λιβύης
976 2444 1243 2506 πλέοντες
1283 2443 1548 2524 γινοίατο,
1591 2441 1683 2501 καὶ
1726 2442 1855 2519 μέν·

251 2550 426 2588 εσκον
449 2527 549 2589 τόν
573 2527 807 2607 ἄμητον·
833 2531 1155 2610 θερίσαντες
1180 2527 1275 2590 δ’*
1242 2557 1310 2593 αν
1323 2556 1425 2592 τον
1444 2535 1606 2591 σῖτον
1633 2531 1853 2591 ἔπλεον·

250 2612 401 2675 ὥστε
441 2614 539 2676 δύο
576 2618 739 2678 ἐτέων
770 2618 1181 2691 διεξελθόντων,
1206 2618 1374 2700 τρίτω
1399 2619 1510 2680 ἔτεϊ
1536 2618 1854 2699 κάμψαντες

247 2699 600 2782 Ἡρακληίας
633 2706 851 2783 στήλας
885 2706 1154 2769 α’πίκοντο
1182 2711 1238 2772 ἐς
1262 2708 1568 2789 Αἴγυπτον·
1612 2707 1704 2768 καὶ
1735 2708 1849 2767 ἔλε-

248 2814 370 2870 γον,
404 2792 530 2869 ἐμοὶ
567 2796 674 2870 μὲν
713 2793 780 2855 οὖ
818 2821 1000 2858 πιστα
1037 2794 1200 2876 ἄλλῳ
1239 2795 1301 2855 δὲ
1340 2795 1410 2872 δή
1444 2822 1565 2876 τεω,
1598 2822 1672 2859 ως
1700 2822 1852 2873 περι-

246 2878 535 2944 πλῶοντες
561 2880 666 2957 τήν
697 2881 922 2959 Λιβύην
951 2882 1052 2944 τὸν
1076 2882 1272 2960 ἠέλιον
1306 2884 1479 2963 ἔσχον
1504 2889 1562 2948 ἐς
1585 2883 1659 2945 τοὶ
1682 2883 1852 2953 δεξιοί.

250 2964 415 3026 Οὕτω
454 2970 560 3044 μὲν
591 2968 731 3046 αὕτη
766 2970 1020 3051 ἐγνώσθη
1044 2970 1114 3032 τό
1145 2975 1386 3048 πρῶτον·
1425 2971 1568 3048 μετοὶ
1597 2971 1671 3042 δὲ,
1699 2977 1851 3048 Καρ-
1869 2974 1948 3033 43

245 3054 507 3135 χηδόνιοί
541 3061 654 3118 εἶσι
682 3060 736 3119 οἱ
761 3059 1039 3139 λέγοντες·
1081 3059 1204 3119 ἐπεὶ
1232 3058 1540 3136 Σατάσπης
1563 3085 1631 3141 γε
1656 3059 1690 3120 ὁ
1716 3058 1853 3118 Τεά-

247 3169 437 3215 σπιος,
479 3143 619 3223 οἷνήρ
659 3144 1064 3225 Ἀχαιμενίδης,
1110 3146 1176 3207 οὗ
1217 3148 1570 3225 περιέπλωσε
1610 3146 1851 3224 Λιβύην,

249 3229 337 3292 ἐπ’
369 3231 507 3294 αῦτό
545 3236 713 3294 τοῦτο
745 3234 1040 3311 πεμφθείς·
1081 3232 1240 3294 ἀλλὰ
1270 3233 1461 3299 δείσας
1490 3233 1558 3296 τό
1582 3260 1645 3296 τε
1669 3239 1850 3311 μῆκος
