2184 3517
586 46 607 67 ι.

227 99 453 167 73-76]
811 98 1262 151 ΜΕΛΠοΜΕΝΗ.
1742 103 1837 164 309

225 180 460 257 σκάφην
480 179 734 257 κειμένην
755 182 813 240 ἐν
831 180 989 258 μέσῳ
1002 183 1114 239 τῶν
1134 178 1314 249 ξύλων
1326 204 1389 241 τε
1405 179 1499 240 καὶ
1512 183 1623 241 τῶν
1637 180 1838 242 πίλων·

219 266 391 329 Εστι
430 268 494 326 δέ
531 274 645 343 σφι
685 265 955 342 κάνναβις
995 267 1249 343 φυομένη
1292 271 1349 326 ἓν
1383 270 1455 346 τῇ
1490 293 1649 346 χωρῃ
1683 268 1841 344 πλην
1858 270 1936 332 74

208 354 551 435 ’παχύτητός
574 380 665 413 και
644 353 959 434 μεγάθεος
979 379 1056 431 τῳ
1028 354 1213 432 *λίνῳ
1230 353 1640 464 ἐμφερεστάτη·
1666 356 1841 436 ταύτῃ

226 442 288 502 δὲ
313 445 516 521 πολλῷ
539 440 843 519 ύπερφέρει
868 440 908 516 ἤ
935 439 1222 517 κάνναβις·
1251 440 1397 516 αὕτη
1422 442 1514 500 καὶ
1551 440 1839 521 αὐτομάτη

226 531 322 591 καὶ
364 529 706 607 σπειρομένη
750 527 971 604 φύεται·
1013 529 1108 587 καὶ
1149 527 1213 597 ἐξ
1249 526 1421 603 αὐτῆς
1463 527 1697 606 Θρήϊκες
1736 532 1843 607 μὲν
1913 578 1926 591 .

228 617 321 677 καὶ
348 617 549 693 εἵματα
579 619 866 676 ποιεῦνται
890 618 1045 676 τοῖσι
1082 616 1321 674 λινέοισι
1354 614 1679 693 ὁμοιότατα·
1723 616 1837 678 οὐδ’

227 702 297 765 ἂν
330 704 494 767 ὅστις
516 702 600 781 μή
634 702 812 780 κάρτα
835 702 1047 780 τρίβων
1075 703 1160 778 εἴη
1186 702 1355 779 αὐτῆς
1383 702 1652 786 διαγνοίη,
1679 705 1840 767 λίνου

226 790 266 869 ἢ
305 791 611 869 καννάβιός
651 795 794 852 ἔστι·
837 789 900 854 ὃς
935 790 996 850 δὲ
1025 790 1108 867 μή
1143 786 1254 850 εἶδέ
1277 816 1354 850 κω
1378 792 1484 867 τήν
1511 793 1838 868 κανναβίδα,

228 881 419 940 λίνεον
436 877 665 955 δοκήσει
687 878 826 939 εἶναι
840 877 907 938 τὰ
928 878 1076 955 εἷμα·
1103 878 1321 954 Ταύτης
1342 876 1415 938 ὧν
1436 883 1490 938 οἱ
1513 879 1723 944 Σκύθαι
1740 886 1840 957 τῆς
1858 883 1933 944 75

230 967 537 1045 καννάβιος
559 967 627 1027 τό
653 968 886 1043 σπέρμα
912 966 1080 1026 ε’πεοῖν
1106 965 1353 1043 λάβωσι,
1370 965 1709 1041 ὑποδύνουσι
1727 967 1838 1031 ὖπό

226 1055 363 1119 τούς
388 1056 624 1124 πῦιους,
638 1055 731 1114 καὶ
757 1056 948 1115 ἔπειτα
984 1053 1373 1130 ἐπιβάλλουσι
1397 1053 1465 1113 τό
1491 1054 1722 1131 σπέρμα
1748 1056 1840 1116 ἐπὶ

227 1141 360 1206 τοῦς
385 1142 690 1219 διαφανέας
715 1142 908 1206 λίθους
931 1144 1009 1220 τῷ
1034 1141 1187 1217 πυρί·
1228 1140 1295 1200 τὰ
1328 1140 1387 1199 δὲ
1423 1141 1689 1218 θυμιῆται
1726 1147 1840 1203 ε’πι-

224 1229 609 1307 βαλλόμενον,
651 1231 744 1291 καὶ
774 1228 980 1305 ἀτμίδα
1013 1229 1319 1337 παρέχεται
1352 1228 1651 1336 τοσαύτην,
1690 1229 1836 1291 ὥστε

225 1316 537 1394 Ἑλληνική
567 1315 857 1394 ουδεμία”
819 1342 890 1377 αν
912 1342 1011 1394 μιν
1035 1317 1208 1393 πυρίη
1235 1315 1667 1394 αποκρατήσειε·
1697 1343 1751 1377 οι
1777 1318 1838 1378 δὲ

229 1405 445 1472 Σκύθαι
489 1404 760 1487 ἀγάμενοι
803 1407 878 1482 τῇ
919 1404 1092 1482 πυρίῃ
1141 1403 1430 1481 ὠρύονται.
1510 1404 1678 1465 τοῦτό
1727 1412 1841 1483 σφι

227 1491 355 1553 ἀντὶ
380 1497 677 1570 λουτροῦ’
651 1492 794 1553 εστί·
823 1518 890 1552 ου
913 1517 1026 1573 γαρ
1052 1491 1123 1567 δὴ
1149 1494 1379 1553 λοῦνται
1397 1492 1556 1553 ὕδατι
1573 1518 1640 1553 το
1661 1493 1839 1573 παρά-

226 1605 344 1641 παν
359 1579 425 1641 τό
444 1585 629 1658 σῶμα·
651 1583 711 1639 αἱ
727 1579 788 1639 δὲ
800 1583 1056 1660 γυναῖκες
1070 1578 1417 1657 αὖτῶν,ῧδωρ
1431 1581 1835 1661 παραχέουσαι,

232 1668 637 1748 κατασώχουσι
656 1668 787 1745 περὶ
813 1667 979 1728 λίθον
1003 1667 1217 1747 τρηχύν
1240 1672 1341 1743 τῆς
1362 1669 1731 1747 κυπαρίσσου,
1751 1669 1844 1731 καὶ

230 1757 445 1833 κέδρου,
480 1757 573 1815 καὶ
615 1753 861 1833 λιβάνου
904 1753 1097 1825 ξύλου·
1140 1755 1234 1815 καὶ
1267 1756 1454 1817 ἔπειτα
1489 1756 1557 1816 τὸ
1593 1780 1841 1817 κατασω-

226 1844 473 1923 χόμενον
508 1846 691 1918 τοῦτο,
724 1841 878 1922 παχῦ
921 1841 1030 1914 ε’ὁν,
1072 1838 1576 1906 καταπλάσσονται
1613 1849 1729 1905 πᾶν
1765 1844 1834 1906 τὸ

228 1936 400 2009 σῶμα
434 1933 527 1991 καὶ
560 1931 627 1993 τὸ
662 1930 987 2009 πρόσωπον·
1029 1931 1123 1990 καὶ
1154 1930 1273 2008 ἅμα
1295 1934 1401 2009 μὲν
1428 1931 1623 2009 εὖωδίη
1649 1932 1834 2009 σφέας

228 2018 344 2080 cim}
386 2019 586 2081 τούτου
627 2020 794 2098 ἴσχει,
840 2017 958 2095 ἅμα
1002 2019 1063 2079 δὲ
1097 2018 1465 2097 ἀπαιρέουσαι
1498 2024 1571 2099 τῇ
1609 2020 1833 2099 δευτέρῃ

227 2105 413 2187 ἡμέρῃ
443 2107 548 2184 τήν
581 2107 986 2167 καταπλαστύν
1019 2107 1271 2188 γίνονται
1305 2107 1546 2185 καθαραὶ
1579 2109 1672 2166 καὶ
1697 2113 1841 2185 λαμ-

227 2196 387 2272 πραί.

310 2283 618 2346 Ξεινικοῖσι
651 2281 713 2343 δὲ
746 2252 1033 2359 νομαίοισι
1065 2279 1161 2340 καὶ
1196 2277 1350 2341 ουτοι
1386 2282 1548 2343 αἰνῶς
1581 2281 1835 2359 χρασθαι
1850 2282 1929 2344 ’76

230 2368 527 2451 φεύγουσι,
550 2369 689 2448 μήτι
712 2395 781 2450 γε
808 2395 882 2430 ων
907 2367 1193 2444 ἀλλήλων,
1221 2367 1616 2442 Ελληνικοῖσι
1650 2367 1711 2426 δὲ
1742 2371 1836 2429 καὶ

225 2456 455 2533 ἥκιστα,
482 2456 554 2521 ὥς
578 2457 822 2527 διέδεξαν
846 2455 1195 2536 Ἀνάχαρσίς
1217 2480 1281 2515 τε
1308 2455 1402 2514 καὶ
1432 2454 1659 2532 δεύτερα
1688 2454 1842 2521 αὖτις

231 2544 473 2620 Σκύλης.
553 2549 720 2605 τοῦτο
764 2547 871 2622 μὲν
909 2543 986 2625 yn?
986 2570 1022 2621 p
1064 2542 1424 2623 Ἀνάχαρσις,
1471 2544 1595 2602 ε’πεί
1629 2568 1693 2603 τε
1732 2548 1842 2624 γῆν

226 2632 459 2707 πολλὴν
475 2632 762 2709 θεωρήσας
778 2631 869 2691 καὶ
886 2630 1295 2708 ἀποδεξάμενος
1310 2628 1429 2690 κατ’
1437 2629 1610 2708 αὐτὴν
1623 2631 1840 2708 σοφίην

227 2718 460 2795 πολλὴν
503 2719 786 2796 ἐκομίζετο
827 2724 883 2784 ἐς
921 2717 1062 2795 ἤθεα
1099 2717 1172 2778 τοὶ
1221 2717 1492 2792 Σκυθέων,
1536 2719 1723 2780 πλέων
1770 2718 1838 2781 δι’

225 2806 663 2882 Ἑλλησπόντου
696 2808 1005 2886 προσίσχει
1040 2810 1098 2869 ἐς
1129 2804 1388 2879 Κύζικον,
1419 2807 1528 2877 καὶ,
1567 2804 1691 2884 εὗρε
1726 2807 1838 2888 γάρ

225 2897 302 2973 ‘¹73
323 2892 517 2973 Μητρὶ
530 2898 642 2954 τοῖν
663 2894 802 2955 θεῶν
822 2894 1128 2975 ἀνάγοντας
1145 2892 1278 2957 τούς
1299 2894 1640 2970 Κυζικηνὸύς
1665 2893 1837 2971 ὁρτήν

228 2982 412 3058 κάρτα
434 2983 919 3062 μεγαλοπρεπέως,
948 2979 1145 3051 εὔξατο
1175 2983 1249 3058 τῇ
1280 2980 1473 3057 Μητρὶ
1504 2980 1537 3040 ὅ
1566 2980 1841 3061 Ἀνάχαρ-

228 3094 341 3140 σις,
366 3067 438 3145 ἢν
463 3074 579 3134 σῶς
605 3071 696 3130 καὶ
722 3069 880 3150 ὑγιής
904 3066 1279 3147 ἀπονοστήσῃ
1294 3073 1364 3153 ’ἐς
1396 3071 1612 3142 ἑωυτοῦ,
1645 3068 1839 3130 θύσειν

226 3183 293 3219 τε
320 3159 465 3219 κατοὶ
494 3159 670 3219 ταῦτα
696 3156 835 3216 κατὰ
862 3155 934 3215 τοὶ
970 3155 1076 3233 ὅρα
1099 3156 1230 3220 τούς
1258 3155 1599 3231 Κυζικηνοῦς
1624 3160 1837 3219 ποιεῦν-

225 3271 333 3311 τας
373 3247 467 3306 καὶ
503 3244 811 3324 παννυχίδα
852 3242 1109 3320 στήσειν·
1163 3243 1236 3308 ὥς
1271 3244 1331 3305 δὲ
1366 3243 1598 3305 ἀπίκετο
1637 3249 1695 3308 ἐς
1733 3244 1839 3322 τήν
