2184 3517
328 74 428 129 270
949 74 1319 125 ἮΡοΔοτοί·
1797 72 1942 139 [111.

236 156 350 218 141
370 181 436 216 τε
476 154 659 232 φόνου
702 155 797 216 καὶ
839 153 1384 233 ἐξανδραποδίοτος.”
1451 157 1645 216 Ταῦτα
1689 154 1947 220 ἀκούσας

331 247 586 321 Δαρεῖος,
603 243 925 304 ἀπέστελλε
950 244 1223 320 στρατίην
1235 268 1299 303 τε
1319 243 1412 302 καὶ
1432 242 1761 323 στρατηγὸν
1774 242 1947 303 Ὀτά-

330 357 428 393 νεα
468 331 678 408 ἀνδρῶν
709 336 820 393 τῶν
852 330 991 391 ἐπτοὶ
1022 330 1341 411 γενόμενον,
1371 330 1757 407 ἐντειλάμενος
1791 330 1949 392 ὅσων

331 418 531 496 ἐδεήθη
557 419 590 479 ὁ
619 421 892 485 Συλοσῶν
917 417 1095 479 ταῦτά
1121 420 1177 477 οἱ
1201 418 1413 478 ποιέειν
1440 417 1720 477 ἐπιτελέα.
1776 443 1947 479 κατα·

329 507 445 583 βὰς
484 507 546 566 δὲ
586 508 679 567 ἐπὶ
715 507 822 583 τήν
863 506 1172 566 θάλασσαν
1208 504 1241 565 ὅ
1279 504 1520 581 Ὀτάνης
1558 505 1800 567 ἔστελλε
1838 505 1948 583 τήν

332 593 624 672 στρατιήν.

240 684 354 741 142
435 685 550 757 Τῆς
583 681 643 741 δὲ
681 679 877 758 Σάμου
911 679 1258 757 Μαιάνδριος
1283 680 1317 741 ὅ
1344 678 1695 759 Μαιανδρίου
1731 678 1852 760 εἶχε
1876 686 1947 742 τὰ

332 768 549 846 κράτος,
589 770 955 845 ἐπιτροπαίην
991 769 1148 844 παρὰ
1184 768 1583 846 Πολυκράτεος
1609 767 1815 845 λαβεῖν
1837 769 1948 845 τήν

332 856 531 937 οἷρχήν.
598 861 677 936 τῷ
709 856 1036 935 δικαιοτάτῳ
1060 856 1274 934 ἀνδρῶν
1297 856 1632 935 βουλομένῳ
1655 855 1943 936 γενέσθαι,

295 945 303 952 ’
334 944 434 1004 οὐκ
460 944 758 1026 ἐξεγένετο·
800 944 990 1019 ἐπειδὴ
1017 944 1129 1024 γάρ
1156 947 1213 1005 οἱ
1237 944 1556 1026 ἐξαγγέλθη
1581 943 1614 1003 ὅ
1641 944 1945 1022 Πολυκρά-

335 1058 460 1097 τεος
492 1033 745 1103 θάνατος,
775 1032 956 1092 ἐποίεε
988 1031 1198 1092 τοιάδε·
1238 1035 1432 1109 πρῶτα
1456 1033 1561 1108 μὲν
1586 1031 1727 1095 Ande
1749 1030 1943 1092 Ἐλευ-

335 1122 523 1198 θερίου
574 1120 775 1199 βωμὸν
825 1119 1111 1198 ἱδρύσατο,
1165 1120 1259 1180 καὶ
1308 1121 1538 1197 τέμενος
1585 1119 1718 1197 περὶ
1770 1118 1947 1181 αὖτὸν

335 1208 529 1286 οῧρισε
553 1214 723 1270 τοῦτο
747 1209 815 1269 τὸ
841 1212 941 1269 νῦν
965 1212 1025 1268 ἐν
1048 1212 1129 1287 τῷ
1151 1208 1482 1287 προασηηΐῳ
1508 1208 1652 1268 ἐστί·
1690 1207 1839 1288 μετοὶ
1864 1209 1943 1279 δὲ,

336 1296 409 1361 ὥς
444 1301 499 1358 οἱ
536 1297 854 1373 ἐπεποιητο,
881 1296 1191 1372 ἐκκλησίην
1226 1297 1559 1376 συναγείρας
1580 1293 1807 1356 πάντων
1830 1300 1947 1357 τῶν

337 1384 526 1445 οἰστῶν
559 1384 857 1455 ἔλεξεταδ
859 1408 904 1442 ε·
946 1393 983 1420 “
1004 1384 1148 1461 ἐμοὶ,
1180 1383 1254 1447 ὥς
1287 1383 1415 1443 ἴστε
1441 1384 1535 1443 καὶ
1557 1382 1732 1461 υμεῖς,
1759 1409 1945 1461 moyn*

331 1489 465 1548 τρον
492 1472 585 1531 καὶ
609 1471 837 1548 δύναμις
858 1474 1023 1530 πᾶσα
1046 1497 1083 1546 η
1112 1470 1554 1548 Πολυκράτεος’
1527 1471 1943 1549 ἐπιτέτραπται,

334 1560 433 1618 καί
468 1585 569 1636 μοι
608 1560 845 1638 παρέχει
884 1562 983 1620 νῦν
1022 1558 1203 1635 ὖμέων
1240 1557 1453 1638 ἄρχειν·
1507 1559 1616 1640 ἐγῶ
1656 1558 1718 1619 δὲ
1756 1561 1831 1620 τὰ
1858 1566 1947 1641 τῷ

329 1646 511 1710 πέλας
551 1647 892 1723 ἐπιπλήσσω
932 1644 1101 1710 αὖτὸς
1140 1646 1284 1706 κατοὶ
1321 1645 1555 1724 δύναμιν
1592 1646 1660 1707 οὗ
1695 1648 1943 1724 ποιήσω·

336 1733 465 1794 οὔτε
493 1734 604 1816 γάρ
633 1760 735 1813 μοι
770 1734 1146 1812 Πολυκράτης
1184 1732 1390 1811 ἤρεσκε
1416 1733 1701 1806 δεσπόζων
1726 1734 1945 1815 ἀνδρῶν

335 1822 542 1900 ομοίων
596 1825 790 1901 ἑωυτῷ,
845 1821 974 1882 οὔτε
1024 1820 1206 1885 ἄλλος
1257 1821 1418 1886 ὅστις
1466 1825 1699 1883 τοιαῦτα
1743 1825 1942 1886 ποιέει.

334 1909 708 1987 Πολυκράτης
745 1910 850 1987 μέν
888 1935 988 1971 νυν
1026 1909 1308 1987 ἐξέπλησε
1337 1913 1542 1988 μοῖραν
1574 1910 1681 1987 τήν
1716 1915 1942 1973 ἑωυτοῦ·

339 1997 449 2078 ἐγω
490 1996 552 2056 δὲ
588 2002 644 2061 ἐς
681 1999 862 2075 μέσον
900 1996 1007 2073 τήν
1044 1996 1229 2108 ἀρχὴν
1265 1998 1495 2062 τιθεῖς’
1475 2000 1770 2077 ισονομίην
1809 1999 1946 2078 υμῖν

335 2085 713 2166 προαγορεύω.
778 2084 988 2146 τοσάδε
1021 2085 1215 2162 μέντοι
1254 2085 1444 2145 δικαιῶ
1482 2086 1652 2168 γέρεα
1690 2092 1946 2168 ἐμεωυτῷ

337 2175 621 2255 γενέσθαι·
676 2178 739 2234 ἐκ
778 2173 884 2252 μέν
927 2199 997 2254 γε
1036 2176 1151 2235 τῶν
1196 2172 1595 2252 Πολυκράτεος
1639 2175 1947 2254 χρημάτων

338 2256 590 2340 ἐξαίρετα
617 2262 680 2333 ἓξ
701 2261 953 2324 τάλαντά
978 2288 1080 2339 μοι
1103 2263 1386 2343 γενέσθαι·
1430 2262 1707 2340 ἱρωσύνην
1721 2263 1784 2323 δὲ
1801 2265 1948 2343 πρὸς

336 2350 590 2412 τούτοισι
624 2354 884 2428 αἱρεῦμαι
923 2349 1073 2428 αὐτῷ
1100 2349 1150 2409 τ’
1184 2350 1312 2427 ἐμοὶ
1351 2350 1444 2409 καὶ
1482 2354 1637 2411 τοῖσι
1676 2349 1791 2411 ἀπ’·
1810 2356 1948 2430 ἐμεῦ

337 2438 446 2498 αἰεὶ
482 2440 847 2520 γινομένοισι,
888 2440 989 2498 τοῦ
1022 2436 1163 2501 Διὸς
1191 2441 1293 2498 τοῦ
1327 2436 1704 2515 Ἐλευθερίου·
1745 2444 1827 2520 τῷ
1849 2440 1945 2502 αὖ·

334 2526 432 2590 τός
453 2551 517 2586 τε
544 2525 664 2602 ἱρόν
691 2524 1021 2604 ἱδρυσάμην,
1049 2525 1144 2584 καὶ
1167 2525 1273 2601 τήν
1299 2525 1618 2603 ἐλευθερίην
1636 2525 1772 2604 ὑμῖν
1790 2554 1947 2606 περι-

340 2612 585 2690 τίθημι.”
650 2612 685 2673 ὅ
713 2615 818 2690 μὲν
848 2612 918 2688 δὴ
949 2617 1126 2674 ταῦτα
1162 2616 1319 2674 τοῖσι
1355 2613 1627 2691 Σαμίοισι
1667 2618 1946 2698 ἐπαγγέλμ·

335 2704 489 2760 λετο·
529 2703 640 2761 τῶν
668 2700 730 2760 δέ
751 2726 836 2765 τις
863 2700 1169 2771 ἐξαναστὰς
1190 2701 1328 2762 εἶπε·
1371 2712 1408 2738 “
1423 2700 1556 2761 ἀλλ’
1577 2700 1692 2763 οὐδ’
1712 2701 1870 2774 ἄξιος
1892 2706 1954 2766 εἴ

337 2787 415 2848 σύ
450 2812 520 2868 γε
549 2788 734 2865 ἦμέων
764 2787 973 2869 ἄρχειν,
1004 2789 1248 2871 γεγονός
1277 2814 1343 2851 τε
1374 2789 1542 2855 κακός
1567 2790 1662 2850 καὶ
1689 2791 1795 2852 ἐῶν
1818 2790 1949 2855 ὄλε-

340 2875 490 2951 θρος·
531 2874 687 2934 ἀλλὰ
723 2879 952 2983 μᾶλλον
990 2875 1131 2940 ὅκως
1175 2876 1351 2959 λόγον
1395 2877 1593 2942 δώσεις
1629 2882 1745 2941 τῶν
1785 2906 1946 2958 μετε·

247 2961 361 3017 143
380 2960 633 3037 χείρισας
682 2962 1034 3041 χρημάτωνῗ
1113 2968 1303 3024 Ταῦτα
1356 2964 1492 3035 εἶπε,
1537 2965 1643 3026 ἐων
1688 2971 1752 3027 ἐν
1789 2971 1949 3030 τοῖσι

344 3044 575 3105 οἷστοῖσι
600 3047 841 3124 δόκιμος,
866 3052 944 3127 τῷ
970 3075 1182 3127 ουνομα
1206 3050 1277 3127 ἦν
1301 3053 1682 3133 Τελέσαρχος·
1724 3056 1948 3118 Matav-

343 3127 470 3199 δρος
501 3130 561 3187 δὲ
590 3131 697 3209 νόω
734 3135 935 3209 λαβων
964 3161 1036 3199 ως
1067 3141 1118 3195 εἰ
1146 3138 1384 3215 μετήσει
1412 3139 1518 3216 τὴν
1553 3139 1741 3221 ἆρχην
1766 3142 1953 3210 ἄλλος

342 3230 427 3268 τις
464 3210 579 3270 αντ’
615 3214 785 3274 αὐτοῦ
822 3218 1085 3294 τύραννος
1126 3225 1562 3301 καταστήσεται,
1602 3227 1719 3289 οὐδ’
1762 3231 1849 3291 ἔτι
1889 3236 1956 3295 ἐν
