2184 3517
211 105 499 170 152—156]
885 110 1153 161 eAAmA.
1713 115 1812 167 275

208 185 625 263 λωβησάμενος
655 186 748 247 καὶ
786 185 820 247 ὅ
855 213 913 248 τι
935 188 1288 265 ποιήσαντα·
1273 235 1289 261 ,
1332 189 1365 251 ὅ
1392 190 1452 251 δὲ
1476 190 1615 252 εἶπε·
1656 202 1695 230 “
1710 218 1814 255 ουκ

211 276 342 335 ἔστι
367 300 528 339 ουτος
555 274 701 353 ὦνήρ
728 273 816 335 ὅτι
840 300 921 353 μη
951 276 1042 348 σι),
1058 281 1136 356 τῷ
1163 278 1286 339 ἔστι
1312 279 1538 356 δύναμις
1563 280 1812 358 τοσαύτη

207 367 316 441 ἐμὲ
341 363 409 439 δή
437 362 541 424 ὦδε
566 364 852 424 διαθεῖναι·
882 364 1006 425 οὔτε
1031 365 1464 444 τις-ἀλλοτρίων,
1482 367 1525 426 ὦ
1544 369 1812 444 βασιλεῦ,

205 451 346 513 τάδε
383 450 669 534 ἔργαστάι,
705 451 839 512 ἀλλ’
873 452 1039 517 αὖτός
1078 453 1189 534 ε’γῶ
1231 453 1518 532 ἐμεωυτόν,
1547 455 1724 516 δεινόν
1756 482 1814 517 τι

207 539 539 618 ποιεύμενος
576 539 913 618 Ἀσσυρίους
950 542 1219 619 Πέρσῃσι
1259 541 1626 623 καταγελᾶν.”
1693 542 1725 604 ὅ
1765 543 1813 604 δ’

208 628 505 706 ἀμείβετο·
545 639 583 666 “
598 628 641 689 ὦ
666 628 1045 708 σχετλιώτατε
1071 628 1299 707 ἀνδρῶν,
1321 630 1460 710 ἔργῳ
1484 633 1563 709 τῷ
1587 632 1813 710 αἰσχίσ-

205 742 293 796 τῳ
328 716 538 794 οὔνομα
561 717 629 778 τὰ
657 717 969 777 κάλλιστον
996 717 1136 787 ἔθευ,
1165 717 1280 793 φοὶς
1305 717 1398 777 διοὶ
1422 718 1551 782 τούς
1581 724 1810 798 πολιορ-

208 805 507 881 κευμένους
553 803 800 865 σεωυτόν
849 804 1168 880 ἀνηκέστως
1212 805 1498 867 διαθεῖναι·
1549 808 1611 867 τί
1657 806 1722 877 δ’,
1768 806 1813 868 ὦ

205 891 432 969 μάταιε,
458 893 863 970 λελωβημένου
887 895 992 952 σεῦ
1019 893 1244 953 θᾶσσον
1269 896 1324 952 οἱ
1348 895 1613 970 πολέμιοι
1636 920 1812 973 παρα·

207 980 562 1057 στήσονταις
605 986 712 1045 κῶς
742 980 844 1042 οὐκ
881 981 1204 1052 ἐξέπλωσας
1230 986 1343 1042 τῶν
1372 977 1608 1059 φρενῶν,
1643 1009 1809 1043 σεωυ-

202 1067 313 1130 τὸν
349 1069 676 1147 διαφθείρας
694 1067 743 1140 ;”
782 1069 815 1130 ὁ
842 1069 903 1129 δὲ
928 1070 1067 1129 εἶπε·
1111 1079 1147 1111 “
1164 1074 1214 1129 εἰ
1237 1071 1342 1147 μέν
1366 1095 1456 1129 τοι
1490 1068 1815 1147 ὖπερετίθεα

203 1155 287 1218 τοὶ
314 1157 555 1234 ἔμελλον
579 1157 856 1233 ποιήσειν,
881 1157 984 1217 οὐκ
1010 1156 1079 1218 ἅν
1103 1183 1178 1235 με
1200 1157 1487 1236 περιεῖδες·
1529 1162 1628 1218 νῦν
1654 1156 1699 1216 δ’
1727 1156 1813 1218 ἐπ’

205 1249 491 1321 ε’μεωυτου
528 1245 851 1323 βαλόμενος
897 1245 1127 1324 ἔπρηξα·
1181 1244 1289 1322 ἤδη
1330 1270 1423 1315 ων,
1465 1244 1535 1323 ἦν
1576 1270 1659 1356 μη
1704 1270 1815 1306 των

205 1337 334 1393 σῶν
374 1333 567 1414 δεήσῃ,
609 1334 864 1411 αἱρέομεν
903 1335 1245 1411 Βαβυλωνα·
1288 1331 1422 1414 ε’γω-
1433 1359 1539 1410 μεν
1579 1359 1709 1414 γαρ,
1741 1360 1814 1398 ως

203 1420 340 1499 ἔχω,
358 1420 784 1499 αύτομολήσω’
758 1449 814 1485 ες
837 1446 904 1482 το
928 1425 1130 1501 τεῖχος,
1149 1421 1239 1480 καὶ
1264 1421 1437 1497 φήσω
1461 1446 1603 1498 προς
1616 1419 1815 1485 αὐτοῦς

205 1508 286 1571 ὥς
309 1535 421 1571 υπο
447 1536 550 1570 σευ
524 1509 708 1570 “τάδε
732 1509 1006 1570 πέπονθα.
1075 1509 1170 1569 καὶ
1205 1509 1377 1570 δοκέω
1401 1509 1604 1573 πείσας
1629 1511 1814 1586 σφέας

201 1599 391 1658 ταῦτα
430 1599 575 1679 ἔχειν
607 1597 750 1658 οὕτω
783 1597 1078 1669 τεύξεσθαι
1109 1601 1397 1676 στρατιῆς·
1437 1597 1513 1658 m)
1539 1597 1600 1658 δὲ
1625 1596 1720 1657 ἀπ’
1744 1596 1813 1674 ἦς

204 1682 282 1745 ἂν
310 1684 522 1764 ἡμέρης
551 1686 661 1768 ε’γῶ
693 1687 911 1747 ἐσέλθω
951 1689 1008 1748 ἐς
1036 1684 1105 1746 τὸ
1144 1689 1347 1772 τεῖχος,
1371 1685 1488 1746 olm?
1523 1685 1729 1758 ταύτης
1758 1691 1812 1750 ἐς

204 1772 449 1850 δεκάτην
475 1773 704 1852 ἡμέρην,
730 1778 833 1849 τῆς
871 1776 1118 1834 σεωυτοῦ
1159 1777 1427 1852 στρατιῆς
1458 1778 1560 1849 τῆς
1584 1772 1813 1849 οὐδεμία

202 1860 378 1921 ἔσται
412 1860 525 1939 ὤρη
563 1861 974 1938 ἀπολλυμένης,
999 1861 1204 1937 ταύτης
1227 1862 1448 1941 χιλίους
1472 1861 1641 1932 τάξον
1667 1860 1811 1920 κατὰ

200 1947 310 2012 τοῖς
354 1949 693 2027 Σεμιράμιος
735 1951 1077 2026 καλεομένας
1117 1950 1318 2013 πύλας·
1359 1949 1503 2027 μετοὶ
1540 1950 1600 2010 δὲ
1639 1948 1809 2020 αὖτις,

199 2034 325 2097 dm?
364 2041 464 2114 τῆς
501 2037 733 2115 δεκάτης
774 2043 830 2101 ἐς
870 2036 1136 2115 ἑβδόμην,
1165 2037 1378 2101 ἄλλους
1411 2062 1513 2115 μοι
1537 2037 1706 2107 τάξον
1732 2037 1810 2097 δι·

202 2125 470 2203 σχιλίους
511 2126 653 2185 κατ-οὶ
690 2125 791 2189 τοῖς
830 2126 1036 2185 Νινίων
1068 2127 1410 2202 καλεομένας
1448 2124 1650 2188 πύλας·
1692 2123 1805 2187 ‹in-<3

204 2211 272 2274 δὲ
296 2216 400 2288 τῆς
425 2213 671 2292 ἑβδόμης
704 2212 1010 2273 διαλείπειν
1038 2213 1218 2274 εἴκοσι
1247 2212 1474 2289 ἡμέρας,
1502 2212 1595 2271 καὶ
1621 2213 1810 2273 ἔπειτα

207 2299 427 2366 ἄλλους
466 2300 697 2362 κάτισον
726 2299 955 2383 α’γαγων
982 2300 1125 2362 κατὰ
1153 2300 1255 2368 τοὶς
1289 2299 1589 2360 Χαλδαίων
1615 2303 1810 2360 καλεο-

206 2390 384 2465 μένας
422 2389 623 2468 πύλας,
663 2389 1178 2468 τετρακισχιλίους·
1209 2386 1448 2468 ἐχόντων
1483 2387 1544 2447 δὲ
1582 2385 1725 2465 μήτε
1755 2414 1811 2448 οι

204 2474 476 2554 πρότεροι
512 2477 708 2583 μηδεν*
723 2480 833 2539 τῶν
873 2475 1225 2555 α’μυνούντων
1259 2475 1404 2554 μήτε
1445 2500 1614 2546 ουτοι,
1653 2475 1809 2551 πλὴν

208 2565 569 2646 ἐγχειριδίων·
608 2567 775 2625 τοῦτο
798 2565 912 2624 δὲ’
885 2564 981 2625 εοὶν
1007 2566 1172 2645 ἔχειν.
1238 2565 1381 2643 μετοὶ
1418 2565 1477 2625 δε
1501 2589 1605 2640 την
1629 2565 1810 2623 εἰκοσ-

204 2652 318 2728 τήν
343 2653 574 2731 ἡμέρην,
601 2654 757 2718 ἰθέως
790 2651 896 2729 τήν
919 2655 1025 2730 μὲν
1054 2651 1240 2730 ἄλλην
1266 2652 1536 2731 στρατιὴν
1569 2650 1812 2712 κελεύειν

206 2740 378 2818 πέριξ
413 2740 813 2819 προσβάλλειν
850 2741 992 2819 πρὸς
1025 2740 1094 2802 τὰ
1123 2744 1326 2821 τεῖχος,
1353 2744 1588 2819 Πέρσας
1621 2740 1685 2800 δέ
1709 2766 1810 2817 μοι

207 2827 380 2899 τάξον
419 2828 562 2889 κατά
597 2854 663 2890 τε
698 2829 801 2893 τοὶς
838 2828 1087 2905 Βηλίδας
1127 2829 1466 2907 καλεομένας
1503 2827 1687 2891 πύλας
1717 2828 1810 2889 καὶ

208 2918 484 2981 Κισσίας·
524 2916 598 2982 ὥς
621 2916 731 2998 γὰρ
758 2916 868 2998 ε’γῶ
890 2917 1078 2986 δοκέω,
1107 2918 1238 2993 ε’μέο
1261 2916 1487 2997 μεγάλα
1512 2917 1647 2995 ἔργα
1673 2913 1807 2975 α’πο-

206 3004 524 3082 δεξαμένου,
551 3004 626 3066 τά
656 3029 719 3067 τε
753 3003 910 3065 ἅλλα
938 3004 1338 3084 ἐπιτράψονται
1368 3004 1495 3080 ε’μοὶ
1533 3001 1808 3077 Βαβυλώ-

204 3116 320 3154 νιοι
357 3095 451 3154 καὶ
490 3092 561 3170 δὴ
589 3094 682 3154 καὶ
705 3097 816 3155 τῶν
839 3093 1060 3153 πυλέων
1084 3091 1187 3156 τοῖς
1211 3090 1599 3172 βαλανάγρας.
1664 3090 1732 3150 τὰ
1760 3087 1808 3148 δ’

204 3182 476 3252 ἐνθεῦτεν,
494 3182 624 3260 ἐμοί
630 3206 695 3242 τε
715 3181 808 3240 καὶ
827 3180 1094 3258 Πέρσῃσι
1107 3178 1349 3256 μελήσει
1364 3177 1436 3238 τοὶ
1455 3178 1541 3237 δεῖ
1551 3174 1810 3257 ποιέειν.”

288 3272 480 3330 Ταῦτα
510 3267 893 3345 ἐντειλάμενος
914 3264 1003 3342 ἤϊε
1037 3267 1131 3326 ε’πὶ
1164 3266 1264 3330 τοὶς
1288 3264 1487 3335 πύλας,
1515 3269 1766 3341 ε’πιοτρε·
1786 3263 1902 3324 156
