2184 3517
382 91 475 138 160
989 88 1357 139 ἨΡΟΔΟΤΟΤ

381 170 598 251 ἐγένετο
639 175 698 229 ἐν
735 174 813 249 τῷ
847 169 1076 250 Αἰγαίῳ,
1118 166 1425 239 ἐῶσι-αι’
1389 192 1583 245 ανεμοι
1623 166 1993 245 ἐκβάλλουσι

380 263 435 322 ἐς
458 284 524 319 το
553 257 863 339 Αἰγύπτιον
894 258 1162 338 πέλαγος·
1206 257 1458 317 ἐνθεῦτεν
1493 256 1553 316 δὲ
1580 255 1671 336 (οὗ
1706 256 1819 337 γάρ
1846 256 1992 318 ἀνίει

378 345 452 406 τά
478 345 788 427 πνεύματα)
816 344 1134 406 ἀπικνέεται
1166 350 1221 409 ε’ς
1246 345 1549 425 Αἴγυπτον,
1576 344 1669 404 καὶ
1693 343 1991 425 Αἰγύπτου

382 439 438 499 ἐς
462 434 530 495 τό
556 438 653 495 νῦν
674 432 1011 511 Κανωβικόν
1038 431 1380 510 καλεύμενον
1406 431 1595 509 στόμα
1620 436 1720 492 τοῦ
1749 432 1988 505 Νείλου,

383 523 475 582 καὶ
506 528 563 587 ε’ς
602 523 915 601 Ταριχείας·
955 520 1028 597 ἦν
1068 521 1131 581 δὲ
1171 521 1263 581 ε’πὶ
1301 523 1405 597 τῆς
1443 518 1631 596 ἠϊόνος
1656 518 1714 601 (ὃ
1755 520 1849 579 καὶ
1888 524 1989 583 νῦν

383 612 527 690 ἐστι)
553 608 865 686 Ἡρακλέος
907 608 1044 687 ἱρᾶν,
1082 614 1138 674 ἐς
1175 607 1243 669 τὰ
1282 605 1352 684 ἢν
1393 608 1729 690 καταφυγών
1769 608 1989 685 οἰκέτης

380 697 516 778 ὅτεῳ
568 695 871 775 ἀνθρώπων
917 696 1263 774 ἐπιβάληται
1308 696 1595 777 στίγματα
1642 695 1735 774 ἱρά
1783 695 1989 758 ἑωυτόν

381 785 560 850 διδούς
584 788 661 863 τῷ
687 786 810 864 θεῷ,
837 783 937 845 οὐκ
965 785 1149 855 ἔξεστι
1173 783 1374 846 τούτου
1400 783 1676 863 ἅψασθαι.
1738 782 1795 865 (ὁ
1815 784 1987 862 νόμος

384 871 545 938 οὗτος
601 874 870 933 διατελέει
921 872 1026 934 ε’ὣν
1080 872 1275 950 ὁμοῖος
1331 873 1501 953 μέχρι
1561 876 1693 950 ἐμεῦ
1750 876 1831 952 τῷ
1884 871 1986 934 ἀπ’

383 960 612 1044 ἀρχῆς.)
678 966 778 1023 τοῦ
815 960 889 1022 ὧν
925 960 994 1036 δὴ
1029 959 1404 1039 Ἀλεξάνδρου
1445 959 1779 1021 ἀπιστέαται
1824 959 1985 1040 θερά-

380 1076 580 1114 ποντες
620 1049 926 1128 πυθόμενοι
960 1047 1063 1111 τόν
1105 1050 1235 1127 περὶ
1275 1048 1342 1110 vd
1388 1048 1507 1127 ἱρόν
1550 1049 1752 1128 ἔχοντα
1792 1048 1986 1127 νόμον,

381 1139 555 1200 ἱκέται
595 1138 655 1198 δὲ
696 1138 937 1217 ἱζόμενοι
973 1140 1074 1198 τοῦ
1110 1138 1259 1209 θεοῦ,
1292 1134 1631 1218 κατηγόρεον
1664 1140 1765 1196 τοῦ
1786 1134 1987 1208 Ἀλεξ-

326 1233 343 1252 ‘
381 1226 581 1305 άνδρου
633 1226 977 1303 βουλόμενοι
1021 1223 1306 1302 βλάπτειν
1360 1224 1542 1296 αὐτὸν,
1583 1222 1767 1285 πάντα
1806 1224 1986 1307 λόγον

380 1314 735 1396 ἐξηγεύμενοι
762 1314 833 1377 ὦς
860 1314 975 1395 εἶχε
1010 1314 1142 1392 περὶ
1169 1313 1274 1390 τήν
1305 1312 1540 1389 Ἑλένην
1574 1339 1637 1374 τε
1671 1314 1764 1373 καὶ
1797 1314 1905 1389 τὴν
1930 1318 1986 1380 ἐς

381 1403 676 1462 Μενέλεων
715 1400 951 1478 ἀδικίην·
1020 1401 1367 1483 κατηγόρεον
1402 1401 1461 1460 δὲ
1511 1404 1690 1463 ταῦτα
1735 1402 1878 1478 πρός
1921 1425 1987 1464 τε

376 1490 507 1553 τούς
549 1489 694 1565 ἱρέας
737 1489 830 1548 καὶ
863 1489 963 1550 τὸν
1003 1494 1109 1550 τοῦ
1150 1488 1435 1567 στόματος
1467 1488 1668 1550 τούτου
1705 1489 1985 1566 φύλακον,

290 1579 401 1636 114
419 1582 496 1656 τῷ
522 1576 735 1654 οὕνομα
760 1575 830 1653 ἦν
856 1582 1050 1643 Θῶνις.
1120 1576 1402 1642 Ἀκούσας
1427 1578 1487 1638 δὲ
1511 1575 1722 1639 τούτων
1748 1577 1780 1639 ὁ
1808 1583 1987 1644 Θῶνις

378 1666 585 1743 πέμπει
637 1665 741 1741 τὴν
796 1666 1075 1746 ταχίστην
1129 1670 1185 1731 ἐς
1238 1667 1476 1744 Μέμφιν
1532 1665 1688 1744 παρὰ
1744 1667 1990 1744 Πρωτέα

380 1754 665 1836 ἀγγελίην,
705 1754 990 1835 λέγουσαν
1027 1753 1180 1815 τάδε·
1243 1765 1279 1791 “
1287 1753 1410 1830 ἥκει
1449 1754 1641 1825 ξεῖνος,
1679 1754 1842 1836 γένος
1877 1757 1988 1833 μὲν

379 1842 634 1920 Τευκρός,
663 1842 824 1923 ἔργον
861 1843 921 1902 δὲ
961 1841 1192 1903 ἀνόσιον
1231 1847 1292 1902 ἐν
1328 1847 1401 1921 τῇ
1439 1842 1677 1903 Ἑλλάδι
1718 1843 1987 1925 ἐξεργασ-

368 1929 561 2007 μένος·
645 1930 825 2001 ξείνου
880 1957 992 2012 γαρ
1053 1933 1157 1991 τοῦ
1211 1934 1412 1992 ἑωυτοῦ
1469 1930 1827 2008 ἐξαπατήσας
1877 1933 1988 2010 τήν

378 2020 629 2099 γυναῖκα,
685 2015 861 2094 αυτήν
909 2043 973 2078 τε
1014 2017 1223 2094 ταύτην
1268 2015 1417 2098 ἄγων
1467 2015 1590 2093 ἥκει
1643 2017 1735 2077 καὶ
1785 2019 1990 2082 πολλα

379 2104 556 2183 κάρτα
593 2104 874 2186 χρήματα,
907 2104 1017 2166 ὖπὸ
1058 2103 1275 2184 ἀνέμων
1314 2110 1369 2168 ἐς
1406 2108 1516 2186 γῆν
1553 2105 1658 2182 τήν
1696 2104 1809 2182 σήν
1848 2106 1988 2170 ἀπε-

379 2195 630 2274 νειχθείς.
714 2194 913 2273 κότερα
964 2195 1107 2271 δῆτα
1162 2196 1363 2254 τοῦτον
1415 2197 1590 2270 ε’ὣμεν
1642 2193 1842 2255 ἀσινεα
1895 2201 1985 2258 ἐκ·

379 2283 587 2354 πλέειν,
629 2280 666 2360 ἢ
708 2282 1051 2362 ἀφελώμεθα
1088 2281 1162 2342 τά
1209 2283 1350 2362 ἔχων
1387 2281 1594 2358 ἦλθε;’
1648 2281 1987 2361 ἀντιπέμπει

377 2371 518 2448 πρὸς
542 2376 718 2433 ταῦτα
743 2372 775 2433 ὁ
796 2370 1055 2450 Πρωτεΰς
1079 2372 1322 2453 λέγοντα
1344 2369 1495 2432 τάδε·
1524 2370 1738 2450 “ἅνδρα
1761 2376 1985 2444 τοῦτον,

378 2459 536 2524 ὅστις
569 2461 699 2521 κοτέ
731 2465 855 2521 ἐστι
890 2460 1094 2521 ἀνόσια
1135 2459 1479 2542 ἐργασμένος
1519 2459 1697 2530 ξεῖνον
1722 2459 1822 2521 τὸν
1854 2464 1986 2522 ἑωυ-

376 2551 495 2617 τοῦ,
537 2548 930 2624 συλλαβόντες
967 2547 1213 2629 ἀπάγετε
1250 2547 1381 2625 παρ’
1422 2549 1537 2626 ἐμὲ,
1580 2547 1672 2608 ἵνα
1702 2547 1825 2608 εἰδῶ
1856 2548 1890 2609 ὅ
1927 2575 1989 2611 τι

288 2637 398 2695 115
420 2634 546 2716 κοτὲ
609 2634 703 2694 καὶ
752 2634 956 2705 λέξει.”
1034 2635 1315 2700 Ἀκούσας
1367 2636 1429 2696 δὲ
1486 2639 1663 2697 ταῦτα
1716 2635 1748 2696 ό
1803 2640 1989 2703 Θῶνις

379 2720 779 2798 συλλαμβάνει
816 2723 916 2785 τὸν
940 2721 1330 2802 Ἀλέξανδρον,
1371 2725 1464 2785 καὶ
1504 2724 1605 2789 τάς
1642 2724 1767 2788 νέας
1806 2723 1988 2787 αὐτοῦ

377 2809 649 2890 κατίσχει·
716 2809 859 2889 μετά
911 2811 988 2883 δὲ,
1035 2811 1205 2873 αὐτόν
1255 2839 1319 2873 τε
1368 2816 1570 2873 τοῦτον
1622 2810 1871 2894 ἀνήγαγε
1928 2819 1987 2879 ἐς

380 2898 616 2975 Μέμφιν
653 2899 747 2959 καὶ
775 2898 881 2974 τὴν
909 2899 1146 2977 Ἑλένην
1176 2925 1239 2960 τε
1279 2901 1372 2960 καὶ
1406 2900 1479 2961 τοὶ
1515 2899 1800 2980 χρήματα,
1838 2901 1983 2978 πρός

379 2985 439 3045 δὲ
492 2986 585 3045 καὶ
634 2987 766 3051 τοῦς
818 2988 1016 3053 ἱκέτας·
1091 2988 1608 3099 ἀνακομισθέντων
1627 2989 1688 3050 δὲ
1738 2987 1984 3062 πάντων,

377 3073 572 3150 εἰρώτα
594 3100 696 3135 τον
713 3074 1138 3153 Ἀλέξανδρον’
1105 3103 1137 3137 ο
1160 3076 1422 3154 Πρωτεύς
1446 3076 1529 3140 τίς
1557 3075 1641 3153 εἴη
1661 3076 1754 3135 καὶ
1778 3075 1986 3138 ὁκόθεν

376 3161 603 3230 πλέοι;“
608 3162 641 3221 ὁ
669 3163 731 3222 δέ
754 3167 810 3222 οἱ
837 3165 929 3222 καὶ
952 3190 1020 3225 το
1045 3165 1206 3246 γένος
1231 3164 1492 3233 κατέλεξε
1520 3165 1613 3222 καὶ
1637 3168 1738 3239 τῆς
1762 3163 1985 3242 πάτρης

378 3243 497 3303 εἶπε
525 3246 592 3307 τὰ
628 3246 856 3326 οὕνομα·
896 3252 991 3310 καὶ
1031 3250 1102 3328 δη
1144 3252 1236 3310 καὶ
1273 3251 1374 3313 τόν
1411 3251 1595 3312 πλόον
1634 3251 1983 3334 ἀπηγησατο
