<?xml version="1.0" encoding="UTF-8"?>
<!DOCTYPE html PUBLIC "-//W3C//DTD XHTML 1.0 Transitional//EN"
    "http://www.w3.org/TR/xhtml1/DTD/xhtml1-transitional.dtd">
<html xmlns="http://www.w3.org/1999/xhtml" xml:lang="en" lang="en">
 <head>
  <title>
</title>
<meta http-equiv="Content-Type" content="text/html;charset=utf-8" />
  <meta name='ocr-system' content='tesseract 3.04.00' />
  <meta name='ocr-capabilities' content='ocr_page ocr_carea ocr_par ocr_line ocrx_word'/>
</head>
<body>
  <div class='ocr_page' id='page_1' title='image "./herodotus02unkngoog_0122.png"; bbox 0 0 2184 3517; ppageno 0'>
   <div class='ocr_carea' id='block_1_1' title="bbox 239 103 1957 3348">
    <p class='ocr_par' dir='ltr' id='par_1_1' title="bbox 337 103 1957 622">
     <span class='ocr_line' id='line_1_1' title="bbox 340 103 1950 175; baseline 0.006 -23"><span class='ocrx_word' id='word_1_1' title='bbox 340 103 435 153; x_wconf 85' lang='grc'>106</span> <span class='ocrx_word' id='word_1_2' title='bbox 956 107 1323 159; x_wconf 69' lang='grc' dir='ltr'><strong>ΗΡΟΔΟΤΟΤ</strong></span> <span class='ocrx_word' id='word_1_3' title='bbox 1878 108 1950 175; x_wconf 88' lang='grc' dir='ltr'>[Ῑ.</span> 
     </span>
     <span class='ocr_line' id='line_1_2' title="bbox 340 180 1957 267; baseline 0.009 -27"><span class='ocrx_word' id='word_1_4' title='bbox 340 183 587 244; x_wconf 90' lang='grc' dir='ltr'>ἐποιέετο</span> <span class='ocrx_word' id='word_1_5' title='bbox 625 180 815 267; x_wconf 85' lang='grc' dir='ltr'>λόγον.</span> <span class='ocrx_word' id='word_1_6' title='bbox 901 186 936 248; x_wconf 80' lang='grc' dir='ltr'>ὁ</span> <span class='ocrx_word' id='word_1_7' title='bbox 968 187 1030 248; x_wconf 80' lang='grc' dir='ltr'>δὲ</span> <span class='ocrx_word' id='word_1_8' title='bbox 1053 190 1156 264; x_wconf 84' lang='grc' dir='ltr'>τῆς</span> <span class='ocrx_word' id='word_1_9' title='bbox 1180 187 1488 265; x_wconf 82' lang='grc' dir='ltr'>βασιλείης</span> <span class='ocrx_word' id='word_1_10' title='bbox 1512 186 1793 265; x_wconf 76' lang='grc' dir='ltr'>Τομύριος</span> <span class='ocrx_word' id='word_1_11' title='bbox 1817 190 1957 254; x_wconf 77' lang='grc' dir='ltr'>παῖς</span> 
     </span>
     <span class='ocr_line' id='line_1_3' title="bbox 340 270 1957 354; baseline 0.005 -25"><span class='ocrx_word' id='word_1_12' title='bbox 340 270 838 353; x_wconf 81' lang='grc' dir='ltr'>Σπαργαπίσης,</span> <span class='ocrx_word' id='word_1_13' title='bbox 795 299 867 338; x_wconf 89' lang='grc' dir='ltr'>ως</span> <span class='ocrx_word' id='word_1_14' title='bbox 889 300 987 351; x_wconf 88' lang='grc' dir='ltr'>μιν</span> <span class='ocrx_word' id='word_1_15' title='bbox 1013 273 1046 335; x_wconf 80' lang='grc' dir='ltr'><strong>ὅ</strong></span> <span class='ocrx_word' id='word_1_16' title='bbox 1069 300 1134 335; x_wconf 95' lang='grc' dir='ltr'>τε</span> <span class='ocrx_word' id='word_1_17' title='bbox 1160 274 1372 339; x_wconf 83' lang='grc' dir='ltr'>οἶνος’</span> <span class='ocrx_word' id='word_1_18' title='bbox 1335 280 1507 351; x_wconf 87' lang='grc' dir='ltr'>ανῆκε</span> <span class='ocrx_word' id='word_1_19' title='bbox 1534 276 1628 335; x_wconf 85' lang='grc' dir='ltr'>καὶ</span> <span class='ocrx_word' id='word_1_20' title='bbox 1656 271 1890 354; x_wconf 82' lang='grc' dir='ltr'>ἔμαθε</span> <span class='ocrx_word' id='word_1_21' title='bbox 1861 303 1957 338; x_wconf 88' lang='grc' dir='ltr'>ινα</span> 
     </span>
     <span class='ocr_line' id='line_1_4' title="bbox 337 357 1956 444; baseline 0.003 -24"><span class='ocrx_word' id='word_1_22' title='bbox 337 357 409 435; x_wconf 84' lang='grc' dir='ltr'>ἦν</span> <span class='ocrx_word' id='word_1_23' title='bbox 453 364 641 432; x_wconf 81' lang='grc' dir='ltr'>κακοῦ,</span> <span class='ocrx_word' id='word_1_24' title='bbox 688 361 900 438; x_wconf 85' lang='grc' dir='ltr'>δεηθεὶς</span> <span class='ocrx_word' id='word_1_25' title='bbox 943 362 1136 439; x_wconf 89' lang='grc' dir='ltr'>Κύρου</span> <span class='ocrx_word' id='word_1_26' title='bbox 1183 368 1245 423; x_wconf 87' lang='grc' dir='ltr'>ἐκ</span> <span class='ocrx_word' id='word_1_27' title='bbox 1289 368 1408 425; x_wconf 79' lang='grc' dir='ltr'>τῶν</span> <span class='ocrx_word' id='word_1_28' title='bbox 1442 363 1665 441; x_wconf 75' lang='grc' dir='ltr'>δεσμῶν</span> <span class='ocrx_word' id='word_1_29' title='bbox 1694 365 1956 444; x_wconf 81' lang='grc' dir='ltr'>λυθῆναι</span> 
     </span>
     <span class='ocr_line' id='line_1_5' title="bbox 338 447 1954 530; baseline 0.004 -23"><span class='ocrx_word' id='word_1_30' title='bbox 338 447 516 527; x_wconf 79' lang='grc' dir='ltr'>ἔτυχε·</span> <span class='ocrx_word' id='word_1_31' title='bbox 549 448 621 513; x_wconf 77' lang='grc' dir='ltr'>ὥς</span> <span class='ocrx_word' id='word_1_32' title='bbox 647 448 707 508; x_wconf 80' lang='grc' dir='ltr'>δὲ</span> <span class='ocrx_word' id='word_1_33' title='bbox 733 448 904 526; x_wconf 82' lang='grc' dir='ltr'>ἐλύθη</span> <span class='ocrx_word' id='word_1_34' title='bbox 928 475 992 510; x_wconf 88' lang='grc' dir='ltr'>τε</span> <span class='ocrx_word' id='word_1_35' title='bbox 1016 449 1264 530; x_wconf 79' lang='grc' dir='ltr'>τάχιστα</span> <span class='ocrx_word' id='word_1_36' title='bbox 1290 452 1386 511; x_wconf 84' lang='grc' dir='ltr'>καὶ</span> <span class='ocrx_word' id='word_1_37' title='bbox 1409 454 1521 512; x_wconf 75' lang='grc' dir='ltr'>τῶν</span> <span class='ocrx_word' id='word_1_38' title='bbox 1544 456 1748 530; x_wconf 78' lang='grc' dir='ltr'>χειρῶν</span> <span class='ocrx_word' id='word_1_39' title='bbox 1791 452 1954 529; x_wconf 77' lang='grc' dir='ltr'>ἐκρά-</span> 
     </span>
     <span class='ocr_line' id='line_1_6' title="bbox 338 536 1955 622; baseline 0.003 -27"><span class='ocrx_word' id='word_1_40' title='bbox 338 561 495 612; x_wconf 89' lang='grc' dir='ltr'>τησε,</span> <span class='ocrx_word' id='word_1_41' title='bbox 540 536 881 619; x_wconf 79' lang='grc' dir='ltr'>διεργάζεται</span> <span class='ocrx_word' id='word_1_42' title='bbox 913 537 1131 599; x_wconf 77' lang='grc' dir='ltr'>ἑωυτόν·</span> <span class='ocrx_word' id='word_1_43' title='bbox 1172 539 1267 598; x_wconf 83' lang='grc' dir='ltr'>καὶ</span> <span class='ocrx_word' id='word_1_44' title='bbox 1309 538 1379 615; x_wconf 83' lang='grc' dir='ltr'>δῆ</span> <span class='ocrx_word' id='word_1_45' title='bbox 1417 537 1579 603; x_wconf 79' lang='grc' dir='ltr'>οὗτος</span> <span class='ocrx_word' id='word_1_46' title='bbox 1614 542 1720 616; x_wconf 80' lang='grc' dir='ltr'>μὲν</span> <span class='ocrx_word' id='word_1_47' title='bbox 1760 539 1955 622; x_wconf 74' lang='grc' dir='ltr'>τρόπῳ</span> 
     </span>
    </p>

    <p class='ocr_par' dir='ltr' id='par_1_2' title="bbox 245 624 1957 2644">
     <span class='ocr_line' id='line_1_7' title="bbox 245 624 1954 705; baseline 0.004 -23"><span class='ocrx_word' id='word_1_48' title='bbox 245 624 608 704; x_wconf 77' lang='grc' dir='ltr'>214τοιούτῳ</span> <span class='ocrx_word' id='word_1_49' title='bbox 640 628 895 686; x_wconf 71' lang='grc' dir='ltr'>τελεισᾶ·</span> <span class='ocrx_word' id='word_1_50' title='bbox 947 625 1191 704; x_wconf 87' lang='grc' dir='ltr'>Τόμυρις</span> <span class='ocrx_word' id='word_1_51' title='bbox 1226 627 1302 697; x_wconf 77' lang='grc' dir='ltr'>δὲ,</span> <span class='ocrx_word' id='word_1_52' title='bbox 1346 626 1419 691; x_wconf 80' lang='grc' dir='ltr'>ὦς</span> <span class='ocrx_word' id='word_1_53' title='bbox 1462 630 1517 688; x_wconf 79' lang='grc' dir='ltr'>οἱ</span> <span class='ocrx_word' id='word_1_54' title='bbox 1557 626 1591 687; x_wconf 78' lang='grc' dir='ltr'>ὅ</span> <span class='ocrx_word' id='word_1_55' title='bbox 1624 631 1817 705; x_wconf 80' lang='grc' dir='ltr'>Κῦρος</span> <span class='ocrx_word' id='word_1_56' title='bbox 1844 631 1954 692; x_wconf 73' lang='grc' dir='ltr'>οὐκ</span> 
     </span>
     <span class='ocr_line' id='line_1_8' title="bbox 338 711 1954 793; baseline 0.005 -23"><span class='ocrx_word' id='word_1_57' title='bbox 338 711 628 788; x_wconf 79' lang='grc' dir='ltr'>ἐσήκουσε,</span> <span class='ocrx_word' id='word_1_58' title='bbox 650 714 986 785; x_wconf 80' lang='grc' dir='ltr'>συλλέξασα</span> <span class='ocrx_word' id='word_1_59' title='bbox 1008 720 1204 776; x_wconf 75' lang='grc' dir='ltr'>πᾶσαν</span> <span class='ocrx_word' id='word_1_60' title='bbox 1228 715 1332 792; x_wconf 82' lang='grc' dir='ltr'>τήν</span> <span class='ocrx_word' id='word_1_61' title='bbox 1352 718 1553 792; x_wconf 77' lang='grc' dir='ltr'>ἑωυτῆς</span> <span class='ocrx_word' id='word_1_62' title='bbox 1568 714 1801 793; x_wconf 90' lang='grc' dir='ltr'>δύναμιν</span> <span class='ocrx_word' id='word_1_63' title='bbox 1817 742 1954 778; x_wconf 79' lang='grc' dir='ltr'>συν-</span> 
     </span>
     <span class='ocr_line' id='line_1_9' title="bbox 340 799 1956 883; baseline 0.006 -26"><span class='ocrx_word' id='word_1_64' title='bbox 340 799 520 876; x_wconf 85' lang='grc' dir='ltr'>έβαλε</span> <span class='ocrx_word' id='word_1_65' title='bbox 541 800 721 881; x_wconf 90' lang='grc' dir='ltr'>Κύρω.</span> <span class='ocrx_word' id='word_1_66' title='bbox 777 801 985 879; x_wconf 88' lang='grc' dir='ltr'>ταύτην</span> <span class='ocrx_word' id='word_1_67' title='bbox 1009 802 1115 880; x_wconf 80' lang='grc' dir='ltr'>τῆν</span> <span class='ocrx_word' id='word_1_68' title='bbox 1138 801 1345 883; x_wconf 80' lang='grc' dir='ltr'>μάχην,</span> <span class='ocrx_word' id='word_1_69' title='bbox 1374 802 1509 864; x_wconf 82' lang='grc' dir='ltr'>ὅσαι</span> <span class='ocrx_word' id='word_1_70' title='bbox 1534 802 1603 879; x_wconf 86' lang='grc' dir='ltr'>δῆ</span> <span class='ocrx_word' id='word_1_71' title='bbox 1630 805 1956 882; x_wconf 87' lang='grc' dir='ltr'>βαρβαρων</span> 
     </span>
     <span class='ocr_line' id='line_1_10' title="bbox 338 886 1952 975; baseline 0.005 -28"><span class='ocrx_word' id='word_1_72' title='bbox 338 886 550 966; x_wconf 82' lang='grc' dir='ltr'>α’νδρῶν</span> <span class='ocrx_word' id='word_1_73' title='bbox 571 889 754 969; x_wconf 82' lang='grc' dir='ltr'>μάχαι</span> <span class='ocrx_word' id='word_1_74' title='bbox 779 890 1050 971; x_wconf 81' lang='grc' dir='ltr'>ἐγένοντο,</span> <span class='ocrx_word' id='word_1_75' title='bbox 1073 891 1236 969; x_wconf 86' lang='grc' dir='ltr'>κρίνω</span> <span class='ocrx_word' id='word_1_76' title='bbox 1261 891 1639 971; x_wconf 76' lang='grc' dir='ltr'>ἰσχυροτάτην</span> <span class='ocrx_word' id='word_1_77' title='bbox 1660 893 1952 975; x_wconf 88' lang='grc' dir='ltr'>γενέσθαι·</span> 
     </span>
     <span class='ocr_line' id='line_1_11' title="bbox 339 976 1955 1061; baseline 0.005 -27"><span class='ocrx_word' id='word_1_78' title='bbox 339 977 432 1035; x_wconf 86' lang='grc' dir='ltr'>καὶ</span> <span class='ocrx_word' id='word_1_79' title='bbox 458 976 527 1053; x_wconf 83' lang='grc' dir='ltr'>δῆ</span> <span class='ocrx_word' id='word_1_80' title='bbox 555 978 647 1037; x_wconf 86' lang='grc' dir='ltr'>καὶ</span> <span class='ocrx_word' id='word_1_81' title='bbox 671 977 1020 1056; x_wconf 79' lang='grc' dir='ltr'>πυνθάνομαι</span> <span class='ocrx_word' id='word_1_82' title='bbox 1045 979 1187 1040; x_wconf 80' lang='grc' dir='ltr'>οὕτω</span> <span class='ocrx_word' id='word_1_83' title='bbox 1211 983 1379 1040; x_wconf 83' lang='grc' dir='ltr'>τοῦτο</span> <span class='ocrx_word' id='word_1_84' title='bbox 1397 977 1715 1061; x_wconf 88' lang='grc' dir='ltr'>γενόμενον·</span> <span class='ocrx_word' id='word_1_85' title='bbox 1754 984 1955 1058; x_wconf 76' lang='grc' dir='ltr'>πρῶτα</span> 
     </span>
     <span class='ocr_line' id='line_1_12' title="bbox 337 1065 1957 1147; baseline 0.005 -22"><span class='ocrx_word' id='word_1_86' title='bbox 337 1067 441 1141; x_wconf 85' lang='grc' dir='ltr'>μὲν</span> <span class='ocrx_word' id='word_1_87' title='bbox 485 1065 597 1147; x_wconf 74' lang='grc' dir='ltr'>γὰρ</span> <span class='ocrx_word' id='word_1_88' title='bbox 639 1067 866 1147; x_wconf 88' lang='grc' dir='ltr'>λέγεται</span> <span class='ocrx_word' id='word_1_89' title='bbox 911 1092 1112 1142; x_wconf 80' lang='grc' dir='ltr'>αυτους</span> <span class='ocrx_word' id='word_1_90' title='bbox 1163 1066 1496 1131; x_wconf 78' lang='grc' dir='ltr'>διαστάντας</span> <span class='ocrx_word' id='word_1_91' title='bbox 1548 1072 1604 1131; x_wconf 87' lang='grc' dir='ltr'>ἐς</span> <span class='ocrx_word' id='word_1_92' title='bbox 1657 1066 1957 1144; x_wconf 80' lang='grc' dir='ltr'>ἀλλήλους</span> 
     </span>
     <span class='ocr_line' id='line_1_13' title="bbox 338 1153 1949 1233; baseline 0.004 -20"><span class='ocrx_word' id='word_1_93' title='bbox 338 1153 599 1226; x_wconf 75' lang='grc' dir='ltr'>τοξεύειν·</span> <span class='ocrx_word' id='word_1_94' title='bbox 640 1154 785 1233; x_wconf 85' lang='grc' dir='ltr'>μετοὶ</span> <span class='ocrx_word' id='word_1_95' title='bbox 832 1155 908 1226; x_wconf 79' lang='grc' dir='ltr'>δὲ,</span> <span class='ocrx_word' id='word_1_96' title='bbox 956 1153 1028 1219; x_wconf 78' lang='grc' dir='ltr'>ὥς</span> <span class='ocrx_word' id='word_1_97' title='bbox 1066 1162 1181 1233; x_wconf 87' lang='grc' dir='ltr'>σφι</span> <span class='ocrx_word' id='word_1_98' title='bbox 1216 1155 1291 1216; x_wconf 71' lang='grc' dir='ltr'>τσῖ</span> <span class='ocrx_word' id='word_1_99' title='bbox 1328 1157 1513 1232; x_wconf 86' lang='grc' dir='ltr'>βέλεα</span> <span class='ocrx_word' id='word_1_100' title='bbox 1551 1156 1949 1232; x_wconf 76' lang='grc' dir='ltr'>ἐξετετόξευτο,</span> 
     </span>
     <span class='ocr_line' id='line_1_14' title="bbox 339 1243 1955 1327; baseline 0.004 -26"><span class='ocrx_word' id='word_1_101' title='bbox 339 1243 734 1319; x_wconf 82' lang='grc' dir='ltr'>συμπεσόντας</span> <span class='ocrx_word' id='word_1_102' title='bbox 757 1248 895 1323; x_wconf 80' lang='grc' dir='ltr'>τῇσι</span> <span class='ocrx_word' id='word_1_103' title='bbox 923 1245 1173 1324; x_wconf 82' lang='grc' dir='ltr'>αἰχμῇσί</span> <span class='ocrx_word' id='word_1_104' title='bbox 1191 1269 1255 1305; x_wconf 93' lang='grc' dir='ltr'>τε</span> <span class='ocrx_word' id='word_1_105' title='bbox 1282 1245 1375 1304; x_wconf 83' lang='grc' dir='ltr'>καὶ</span> <span class='ocrx_word' id='word_1_106' title='bbox 1392 1248 1547 1305; x_wconf 87' lang='grc' dir='ltr'>τοῖσι</span> <span class='ocrx_word' id='word_1_107' title='bbox 1566 1246 1955 1327; x_wconf 82' lang='grc' dir='ltr'>ἐγχειριδίοισι</span> 
     </span>
     <span class='ocr_line' id='line_1_15' title="bbox 339 1332 1953 1412; baseline 0.002 -20"><span class='ocrx_word' id='word_1_108' title='bbox 339 1332 698 1410; x_wconf 86' lang='grc' dir='ltr'>συνέχεσθαι·</span> <span class='ocrx_word' id='word_1_109' title='bbox 737 1332 942 1412; x_wconf 90' lang='grc' dir='ltr'>χρόνον</span> <span class='ocrx_word' id='word_1_110' title='bbox 982 1358 1044 1393; x_wconf 89' lang='grc' dir='ltr'>τε</span> <span class='ocrx_word' id='word_1_111' title='bbox 1087 1332 1157 1409; x_wconf 78' lang='grc' dir='ltr'><strong><em>δὴ</em></strong></span> <span class='ocrx_word' id='word_1_112' title='bbox 1206 1333 1298 1393; x_wconf 84' lang='grc' dir='ltr'>ἐπὶ</span> <span class='ocrx_word' id='word_1_113' title='bbox 1337 1332 1562 1395; x_wconf 84' lang='grc' dir='ltr'>πολλόν</span> <span class='ocrx_word' id='word_1_114' title='bbox 1606 1334 1953 1397; x_wconf 79' lang='grc' dir='ltr'>συνεστάναι</span> 
     </span>
     <span class='ocr_line' id='line_1_16' title="bbox 338 1419 1953 1503; baseline 0.006 -26"><span class='ocrx_word' id='word_1_115' title='bbox 338 1420 688 1499; x_wconf 86' lang='grc' dir='ltr'>μαχομένους</span> <span class='ocrx_word' id='word_1_116' title='bbox 726 1422 818 1480; x_wconf 81' lang='grc' dir='ltr'>καὶ</span> <span class='ocrx_word' id='word_1_117' title='bbox 862 1419 1179 1499; x_wconf 74' lang='grc' dir='ltr'>οὐδετέρους</span> <span class='ocrx_word' id='word_1_118' title='bbox 1225 1421 1441 1482; x_wconf 89' lang='grc' dir='ltr'>ἐθέλειν</span> <span class='ocrx_word' id='word_1_119' title='bbox 1486 1419 1733 1503; x_wconf 82' lang='grc' dir='ltr'>φεύγειν,</span> <span class='ocrx_word' id='word_1_120' title='bbox 1785 1423 1953 1487; x_wconf 64' lang='grc' dir='ltr'>τέλος</span> 
     </span>
     <span class='ocr_line' id='line_1_17' title="bbox 339 1506 1951 1590; baseline 0.003 -25"><span class='ocrx_word' id='word_1_121' title='bbox 339 1506 416 1577; x_wconf 80' lang='grc' dir='ltr'>δὲ,</span> <span class='ocrx_word' id='word_1_122' title='bbox 458 1509 513 1566; x_wconf 85' lang='grc' dir='ltr'>οἶ</span> <span class='ocrx_word' id='word_1_123' title='bbox 552 1509 935 1589; x_wconf 84' lang='grc' dir='ltr'>Μασσαγέται</span> <span class='ocrx_word' id='word_1_124' title='bbox 979 1508 1383 1590; x_wconf 85' lang='grc' dir='ltr'>περιεγενέατο·</span> <span class='ocrx_word' id='word_1_125' title='bbox 1433 1507 1474 1586; x_wconf 83' lang='grc' dir='ltr'><strong><em>ἦ</em></strong></span> <span class='ocrx_word' id='word_1_126' title='bbox 1512 1534 1576 1570; x_wconf 92' lang='grc' dir='ltr'>τε</span> <span class='ocrx_word' id='word_1_127' title='bbox 1613 1508 1685 1586; x_wconf 76' lang='grc' dir='ltr'>δή</span> <span class='ocrx_word' id='word_1_128' title='bbox 1750 1510 1951 1587; x_wconf 84' lang='grc' dir='ltr'>πολλῆ</span> 
     </span>
     <span class='ocr_line' id='line_1_18' title="bbox 335 1594 1951 1676; baseline 0 -18"><span class='ocrx_word' id='word_1_129' title='bbox 335 1597 438 1670; x_wconf 85' lang='grc' dir='ltr'>τῆς</span> <span class='ocrx_word' id='word_1_130' title='bbox 462 1599 750 1673; x_wconf 84' lang='grc' dir='ltr'>Περσικῆς</span> <span class='ocrx_word' id='word_1_131' title='bbox 789 1600 1057 1674; x_wconf 83' lang='grc' dir='ltr'>στρατιῆς</span> <span class='ocrx_word' id='word_1_132' title='bbox 1098 1595 1268 1657; x_wconf 73' lang='grc' dir='ltr'>αὐτοῦ</span> <span class='ocrx_word' id='word_1_133' title='bbox 1300 1594 1475 1676; x_wconf 87' lang='grc' dir='ltr'>ταύτῃ</span> <span class='ocrx_word' id='word_1_134' title='bbox 1516 1595 1809 1675; x_wconf 79' lang='grc' dir='ltr'>διεφθάρη,</span> <span class='ocrx_word' id='word_1_135' title='bbox 1852 1600 1951 1659; x_wconf 84' lang='grc' dir='ltr'>καὶ</span> 
     </span>
     <span class='ocr_line' id='line_1_19' title="bbox 339 1681 1946 1765; baseline 0.002 -23"><span class='ocrx_word' id='word_1_136' title='bbox 339 1682 408 1759; x_wconf 78' lang='grc' dir='ltr'>δὴ</span> <span class='ocrx_word' id='word_1_137' title='bbox 435 1684 527 1743; x_wconf 80' lang='grc' dir='ltr'>καὶ</span> <span class='ocrx_word' id='word_1_138' title='bbox 567 1681 733 1748; x_wconf 80' lang='grc' dir='ltr'>αὗτὸς</span> <span class='ocrx_word' id='word_1_139' title='bbox 773 1689 961 1762; x_wconf 83' lang='grc' dir='ltr'>Κῦρος</span> <span class='ocrx_word' id='word_1_140' title='bbox 1000 1688 1237 1765; x_wconf 74' lang='grc' dir='ltr'>τελευτᾷ</span> <span class='ocrx_word' id='word_1_141' title='bbox 1269 1682 1629 1762; x_wconf 83' lang='grc' dir='ltr'>βασιλεύσας</span> <span class='ocrx_word' id='word_1_142' title='bbox 1655 1684 1727 1745; x_wconf 68' lang='grc' dir='ltr'>ταῖ</span> <span class='ocrx_word' id='word_1_143' title='bbox 1753 1684 1946 1747; x_wconf 76' lang='grc' dir='ltr'>πάντα</span> 
     </span>
     <span class='ocr_line' id='line_1_20' title="bbox 340 1770 1951 1850; baseline 0.002 -18"><span class='ocrx_word' id='word_1_144' title='bbox 340 1772 458 1835; x_wconf 81' lang='grc' dir='ltr'>ἐνός</span> <span class='ocrx_word' id='word_1_145' title='bbox 511 1772 705 1834; x_wconf 88' lang='grc' dir='ltr'>δέοντα</span> <span class='ocrx_word' id='word_1_146' title='bbox 756 1773 1056 1850; x_wconf 88' lang='grc' dir='ltr'>τριήκοντα</span> <span class='ocrx_word' id='word_1_147' title='bbox 1109 1773 1251 1833; x_wconf 81' lang='grc' dir='ltr'>ἔτεα·</span> <span class='ocrx_word' id='word_1_148' title='bbox 1307 1770 1488 1834; x_wconf 74' lang='grc' dir='ltr'>οἷσκόν</span> <span class='ocrx_word' id='word_1_149' title='bbox 1541 1771 1602 1832; x_wconf 77' lang='grc' dir='ltr'>δὲ</span> <span class='ocrx_word' id='word_1_150' title='bbox 1654 1772 1951 1849; x_wconf 77' lang='grc' dir='ltr'>πλήσασα</span> 
     </span>
     <span class='ocr_line' id='line_1_21' title="bbox 339 1859 1950 1938; baseline 0.002 -18"><span class='ocrx_word' id='word_1_151' title='bbox 339 1861 573 1937; x_wconf 82' lang='grc' dir='ltr'>αἵματος</span> <span class='ocrx_word' id='word_1_152' title='bbox 599 1860 950 1938; x_wconf 67' lang='grc' dir='ltr'>ἀνθρωπηίου</span> <span class='ocrx_word' id='word_1_153' title='bbox 973 1860 1217 1938; x_wconf 88' lang='grc' dir='ltr'>Τόμυρις</span> <span class='ocrx_word' id='word_1_154' title='bbox 1258 1859 1471 1935; x_wconf 83' lang='grc' dir='ltr'>ἐδίζητο</span> <span class='ocrx_word' id='word_1_155' title='bbox 1498 1865 1558 1920; x_wconf 91' lang='grc' dir='ltr'>ἐν</span> <span class='ocrx_word' id='word_1_156' title='bbox 1582 1863 1739 1921; x_wconf 85' lang='grc' dir='ltr'>τοῖσι</span> <span class='ocrx_word' id='word_1_157' title='bbox 1762 1862 1950 1923; x_wconf 85' lang='grc' dir='ltr'>τεθνε-</span> 
     </span>
     <span class='ocr_line' id='line_1_22' title="bbox 339 1946 1943 2028; baseline 0 -19"><span class='ocrx_word' id='word_1_158' title='bbox 339 1953 447 2009; x_wconf 77' lang='grc' dir='ltr'>ῶσι</span> <span class='ocrx_word' id='word_1_159' title='bbox 496 1952 607 2010; x_wconf 78' lang='grc' dir='ltr'>τῶν</span> <span class='ocrx_word' id='word_1_160' title='bbox 648 1949 918 2027; x_wconf 88' lang='grc' dir='ltr'>Περσέων</span> <span class='ocrx_word' id='word_1_161' title='bbox 955 1949 1056 2009; x_wconf 76' lang='grc' dir='ltr'>τὸν</span> <span class='ocrx_word' id='word_1_162' title='bbox 1100 1947 1290 2026; x_wconf 88' lang='grc' dir='ltr'>Κύρου</span> <span class='ocrx_word' id='word_1_163' title='bbox 1333 1949 1510 2009; x_wconf 86' lang='grc' dir='ltr'>νέκυν·</span> <span class='ocrx_word' id='word_1_164' title='bbox 1566 1946 1639 2013; x_wconf 78' lang='grc' dir='ltr'>ὦς</span> <span class='ocrx_word' id='word_1_165' title='bbox 1686 1949 1747 2009; x_wconf 77' lang='grc' dir='ltr'>δὲ</span> <span class='ocrx_word' id='word_1_166' title='bbox 1799 1947 1943 2028; x_wconf 78' lang='grc' dir='ltr'>εὗρε,</span> 
     </span>
     <span class='ocr_line' id='line_1_23' title="bbox 338 2035 1944 2114; baseline 0.002 -18"><span class='ocrx_word' id='word_1_167' title='bbox 338 2040 617 2112; x_wconf 88' lang='grc' dir='ltr'>ἐναπῆπτε</span> <span class='ocrx_word' id='word_1_168' title='bbox 645 2036 813 2097; x_wconf 74' lang='grc' dir='ltr'>αὐτοῦ</span> <span class='ocrx_word' id='word_1_169' title='bbox 837 2035 942 2113; x_wconf 79' lang='grc' dir='ltr'>τὴν</span> <span class='ocrx_word' id='word_1_170' title='bbox 962 2036 1221 2113; x_wconf 80' lang='grc' dir='ltr'>κεφαλὴν</span> <span class='ocrx_word' id='word_1_171' title='bbox 1247 2040 1303 2100; x_wconf 90' lang='grc' dir='ltr'>ἐς</span> <span class='ocrx_word' id='word_1_172' title='bbox 1327 2035 1427 2097; x_wconf 83' lang='grc' dir='ltr'>τόν</span> <span class='ocrx_word' id='word_1_173' title='bbox 1451 2035 1647 2111; x_wconf 80' lang='grc' dir='ltr'>οἷσκόν,</span> <span class='ocrx_word' id='word_1_174' title='bbox 1679 2041 1944 2114; x_wconf 79' lang='grc' dir='ltr'>λυμαινο·</span> 
     </span>
     <span class='ocr_line' id='line_1_24' title="bbox 337 2123 1946 2207; baseline 0.002 -24"><span class='ocrx_word' id='word_1_175' title='bbox 337 2124 479 2202; x_wconf 89' lang='grc' dir='ltr'>μένη</span> <span class='ocrx_word' id='word_1_176' title='bbox 505 2125 565 2184; x_wconf 80' lang='grc' dir='ltr'>δὲ</span> <span class='ocrx_word' id='word_1_177' title='bbox 587 2129 667 2204; x_wconf 76' lang='grc' dir='ltr'>τῷ</span> <span class='ocrx_word' id='word_1_178' title='bbox 693 2127 864 2203; x_wconf 72' lang='grc' dir='ltr'>νεκρῷ</span> <span class='ocrx_word' id='word_1_179' title='bbox 890 2124 1124 2207; x_wconf 90' lang='grc' dir='ltr'>ἐπέλεγε</span> <span class='ocrx_word' id='word_1_180' title='bbox 1148 2123 1300 2185; x_wconf 82' lang='grc' dir='ltr'>τάδε·</span> <span class='ocrx_word' id='word_1_181' title='bbox 1342 2133 1378 2159; x_wconf 86' lang='grc'><strong>“</strong></span> <span class='ocrx_word' id='word_1_182' title='bbox 1395 2124 1475 2189; x_wconf 75' lang='grc' dir='ltr'><em>Σῦ</em></span> <span class='ocrx_word' id='word_1_183' title='bbox 1501 2126 1606 2202; x_wconf 80' lang='grc' dir='ltr'>μὲν</span> <span class='ocrx_word' id='word_1_184' title='bbox 1640 2128 1741 2201; x_wconf 79' lang='grc' dir='ltr'>ἐμὲ</span> <span class='ocrx_word' id='word_1_185' title='bbox 1778 2125 1946 2197; x_wconf 72' lang='grc' dir='ltr'>ζώου-</span> 
     </span>
     <span class='ocr_line' id='line_1_25' title="bbox 337 2211 1946 2292; baseline 0.001 -19"><span class='ocrx_word' id='word_1_186' title='bbox 337 2211 450 2273; x_wconf 79' lang='grc' dir='ltr'>σάν</span> <span class='ocrx_word' id='word_1_187' title='bbox 490 2239 554 2273; x_wconf 94' lang='grc' dir='ltr'>τε</span> <span class='ocrx_word' id='word_1_188' title='bbox 597 2214 690 2273; x_wconf 82' lang='grc' dir='ltr'>καὶ</span> <span class='ocrx_word' id='word_1_189' title='bbox 731 2211 977 2274; x_wconf 74' lang='grc' dir='ltr'>νικῶσάν</span> <span class='ocrx_word' id='word_1_190' title='bbox 1015 2239 1086 2273; x_wconf 89' lang='grc' dir='ltr'>σε</span> <span class='ocrx_word' id='word_1_191' title='bbox 1119 2212 1278 2292; x_wconf 79' lang='grc' dir='ltr'>μάχῃ</span> <span class='ocrx_word' id='word_1_192' title='bbox 1305 2211 1607 2278; x_wconf 76' lang='grc' dir='ltr'>ἀπώλεσας</span> <span class='ocrx_word' id='word_1_193' title='bbox 1638 2213 1812 2274; x_wconf 87' lang='grc' dir='ltr'>παῖδα</span> <span class='ocrx_word' id='word_1_194' title='bbox 1840 2213 1946 2275; x_wconf 76' lang='grc' dir='ltr'>τᾶν</span> 
     </span>
     <span class='ocr_line' id='line_1_26' title="bbox 338 2300 1942 2382; baseline 0.001 -21"><span class='ocrx_word' id='word_1_195' title='bbox 338 2301 472 2379; x_wconf 82' lang='grc' dir='ltr'>ἐμόν</span> <span class='ocrx_word' id='word_1_196' title='bbox 524 2301 664 2364; x_wconf 80' lang='grc' dir='ltr'>ἐλῶν</span> <span class='ocrx_word' id='word_1_197' title='bbox 711 2301 874 2381; x_wconf 81' lang='grc' dir='ltr'>δόλῳ,</span> <span class='ocrx_word' id='word_1_198' title='bbox 932 2304 1003 2362; x_wconf 76' lang='grc' dir='ltr'>σὲ</span> <span class='ocrx_word' id='word_1_199' title='bbox 1063 2301 1111 2361; x_wconf 88' lang='grc' dir='ltr'>δ’</span> <span class='ocrx_word' id='word_1_200' title='bbox 1153 2301 1278 2382; x_wconf 71' lang='grc' dir='ltr'>ἐγώ,</span> <span class='ocrx_word' id='word_1_201' title='bbox 1335 2300 1581 2379; x_wconf 79' lang='grc' dir='ltr'>κατάπερ</span> <span class='ocrx_word' id='word_1_202' title='bbox 1634 2301 1942 2379; x_wconf 56' lang='grc' dir='ltr'>ἤπεῢιησα,</span> 
     </span>
     <span class='ocr_line' id='line_1_27' title="bbox 337 2388 1945 2469; baseline 0.001 -20"><span class='ocrx_word' id='word_1_203' title='bbox 337 2391 569 2469; x_wconf 85' lang='grc' dir='ltr'>αἵματος</span> <span class='ocrx_word' id='word_1_204' title='bbox 596 2390 841 2469; x_wconf 59' lang='grc' dir='ltr'>κορέσωῖ</span> <span class='ocrx_word' id='word_1_205' title='bbox 907 2390 982 2451; x_wconf 81' lang='grc' dir='ltr'>τοὶ</span> <span class='ocrx_word' id='word_1_206' title='bbox 1005 2392 1110 2467; x_wconf 81' lang='grc' dir='ltr'>μὲν</span> <span class='ocrx_word' id='word_1_207' title='bbox 1141 2389 1209 2466; x_wconf 78' lang='grc' dir='ltr'>δὴ</span> <span class='ocrx_word' id='word_1_208' title='bbox 1243 2388 1385 2449; x_wconf 74' lang='grc' dir='ltr'>κατὰ</span> <span class='ocrx_word' id='word_1_209' title='bbox 1407 2390 1512 2466; x_wconf 80' lang='grc' dir='ltr'>τὴν</span> <span class='ocrx_word' id='word_1_210' title='bbox 1539 2388 1731 2467; x_wconf 89' lang='grc' dir='ltr'>Κύρου</span> <span class='ocrx_word' id='word_1_211' title='bbox 1757 2393 1945 2451; x_wconf 87' lang='grc' dir='ltr'>τελευ-</span> 
     </span>
     <span class='ocr_line' id='line_1_28' title="bbox 334 2476 1945 2564; baseline 0 -25"><span class='ocrx_word' id='word_1_212' title='bbox 334 2478 441 2555; x_wconf 80' lang='grc' dir='ltr'>τῆν</span> <span class='ocrx_word' id='word_1_213' title='bbox 478 2483 579 2539; x_wconf 83' lang='grc' dir='ltr'>τοῦ</span> <span class='ocrx_word' id='word_1_214' title='bbox 619 2480 772 2557; x_wconf 85' lang='grc' dir='ltr'>βίου,</span> <span class='ocrx_word' id='word_1_215' title='bbox 813 2482 1048 2539; x_wconf 78' lang='grc' dir='ltr'>πολλῶν</span> <span class='ocrx_word' id='word_1_216' title='bbox 1087 2477 1276 2560; x_wconf 88' lang='grc' dir='ltr'>λόγων</span> <span class='ocrx_word' id='word_1_217' title='bbox 1325 2478 1659 2564; x_wconf 86' lang='grc' dir='ltr'>λεγομένων,</span> <span class='ocrx_word' id='word_1_218' title='bbox 1712 2476 1806 2539; x_wconf 83' lang='grc' dir='ltr'>ὅδε</span> <span class='ocrx_word' id='word_1_219' title='bbox 1841 2503 1945 2556; x_wconf 87' lang='grc' dir='ltr'>μοι</span> 
     </span>
     <span class='ocr_line' id='line_1_29' title="bbox 335 2567 1047 2644; baseline -0.003 -16"><span class='ocrx_word' id='word_1_220' title='bbox 335 2567 369 2628; x_wconf 82' lang='grc' dir='ltr'>ὅ</span> <span class='ocrx_word' id='word_1_221' title='bbox 406 2567 785 2631; x_wconf 80' lang='grc' dir='ltr'>πιθανώτατος</span> <span class='ocrx_word' id='word_1_222' title='bbox 824 2568 1047 2644; x_wconf 79' lang='grc' dir='ltr'>εἴρηται.</span> 
     </span>
    </p>

    <p class='ocr_par' dir='ltr' id='par_1_3' title="bbox 239 2652 1945 3348">
     <span class='ocr_line' id='line_1_30' title="bbox 239 2652 1942 2736; baseline -0.002 -20"><span class='ocrx_word' id='word_1_223' title='bbox 239 2658 357 2716; x_wconf 86' lang='grc'>215</span> <span class='ocrx_word' id='word_1_224' title='bbox 440 2657 823 2736; x_wconf 88' lang='grc' dir='ltr'>Μασσαγέται</span> <span class='ocrx_word' id='word_1_225' title='bbox 863 2654 923 2714; x_wconf 80' lang='grc' dir='ltr'>δὲ</span> <span class='ocrx_word' id='word_1_226' title='bbox 965 2652 1183 2730; x_wconf 82' lang='grc' dir='ltr'>ἐσθῆτοί</span> <span class='ocrx_word' id='word_1_227' title='bbox 1225 2679 1290 2714; x_wconf 93' lang='grc' dir='ltr'>τε</span> <span class='ocrx_word' id='word_1_228' title='bbox 1330 2652 1531 2731; x_wconf 86' lang='grc' dir='ltr'>ομοίην</span> <span class='ocrx_word' id='word_1_229' title='bbox 1573 2656 1648 2731; x_wconf 80' lang='grc' dir='ltr'>τῇ</span> <span class='ocrx_word' id='word_1_230' title='bbox 1695 2652 1942 2732; x_wconf 75' lang='grc' dir='ltr'>Σκυθικῇ</span> 
     </span>
     <span class='ocr_line' id='line_1_31' title="bbox 337 2741 1943 2821; baseline -0.001 -19"><span class='ocrx_word' id='word_1_231' title='bbox 337 2742 611 2820; x_wconf 86' lang='grc' dir='ltr'>φορέουσι</span> <span class='ocrx_word' id='word_1_232' title='bbox 647 2743 738 2801; x_wconf 86' lang='grc' dir='ltr'>καὶ</span> <span class='ocrx_word' id='word_1_233' title='bbox 778 2742 993 2803; x_wconf 86' lang='grc' dir='ltr'>δίαιταν</span> <span class='ocrx_word' id='word_1_234' title='bbox 1033 2743 1249 2821; x_wconf 77' lang='grc' dir='ltr'>ἔχουσι.</span> <span class='ocrx_word' id='word_1_235' title='bbox 1335 2741 1568 2804; x_wconf 78' lang='grc' dir='ltr'>ἱππόται</span> <span class='ocrx_word' id='word_1_236' title='bbox 1606 2741 1670 2802; x_wconf 87' lang='grc' dir='ltr'>δέ</span> <span class='ocrx_word' id='word_1_237' title='bbox 1698 2745 1811 2802; x_wconf 82' lang='grc' dir='ltr'>εἶσι</span> <span class='ocrx_word' id='word_1_238' title='bbox 1847 2743 1943 2801; x_wconf 84' lang='grc' dir='ltr'>καὶ</span> 
     </span>
     <span class='ocr_line' id='line_1_32' title="bbox 334 2827 1942 2912; baseline -0.001 -22"><span class='ocrx_word' id='word_1_239' title='bbox 334 2830 581 2901; x_wconf 80' lang='grc' dir='ltr'>ἄνιπποι,</span> <span class='ocrx_word' id='word_1_240' title='bbox 634 2828 988 2912; x_wconf 74' lang='grc' dir='ltr'>(ἀμφοτέρων</span> <span class='ocrx_word' id='word_1_241' title='bbox 1018 2830 1130 2911; x_wconf 71' lang='grc' dir='ltr'>γὰρ</span> <span class='ocrx_word' id='word_1_242' title='bbox 1175 2830 1524 2911; x_wconf 86' lang='grc' dir='ltr'>μετέχουσι,)</span> <span class='ocrx_word' id='word_1_243' title='bbox 1577 2830 1671 2889; x_wconf 82' lang='grc' dir='ltr'>καὶ</span> <span class='ocrx_word' id='word_1_244' title='bbox 1713 2827 1942 2899; x_wconf 76' lang='grc' dir='ltr'>τοξόται</span> 
     </span>
     <span class='ocr_line' id='line_1_33' title="bbox 333 2917 1943 3000; baseline -0.001 -22"><span class='ocrx_word' id='word_1_245' title='bbox 333 2945 395 2979; x_wconf 91' lang='grc' dir='ltr'>τε</span> <span class='ocrx_word' id='word_1_246' title='bbox 422 2920 515 2978; x_wconf 85' lang='grc' dir='ltr'>καὶ</span> <span class='ocrx_word' id='word_1_247' title='bbox 551 2917 909 2997; x_wconf 78' lang='grc' dir='ltr'>αἰχμοφόροι,</span> <span class='ocrx_word' id='word_1_248' title='bbox 951 2917 1191 3000; x_wconf 79' lang='grc' dir='ltr'>σαγάρις</span> <span class='ocrx_word' id='word_1_249' title='bbox 1224 2919 1536 2996; x_wconf 79' lang='grc' dir='ltr'>νομίζοντες</span> <span class='ocrx_word' id='word_1_250' title='bbox 1574 2918 1737 2997; x_wconf 83' lang='grc' dir='ltr'>ἔχειν.</span> <span class='ocrx_word' id='word_1_251' title='bbox 1803 2942 1943 2996; x_wconf 79' lang='grc' dir='ltr'>χρυ·</span> 
     </span>
     <span class='ocr_line' id='line_1_34' title="bbox 336 3004 1941 3086; baseline 0 -22"><span class='ocrx_word' id='word_1_252' title='bbox 336 3010 422 3085; x_wconf 78' lang='grc' dir='ltr'>σῷ</span> <span class='ocrx_word' id='word_1_253' title='bbox 452 3007 512 3066; x_wconf 80' lang='grc' dir='ltr'>δὲ</span> <span class='ocrx_word' id='word_1_254' title='bbox 539 3007 629 3066; x_wconf 82' lang='grc' dir='ltr'>καὶ</span> <span class='ocrx_word' id='word_1_255' title='bbox 664 3010 859 3086; x_wconf 76' lang='grc' dir='ltr'>χαλκῷ</span> <span class='ocrx_word' id='word_1_256' title='bbox 882 3006 954 3067; x_wconf 73' lang='grc' dir='ltr'>τὰ</span> <span class='ocrx_word' id='word_1_257' title='bbox 989 3004 1174 3066; x_wconf 80' lang='grc' dir='ltr'>πάντα</span> <span class='ocrx_word' id='word_1_258' title='bbox 1204 3009 1493 3086; x_wconf 87' lang='grc' dir='ltr'>χρέωνται·</span> <span class='ocrx_word' id='word_1_259' title='bbox 1548 3004 1659 3065; x_wconf 82' lang='grc' dir='ltr'>ὅσα</span> <span class='ocrx_word' id='word_1_260' title='bbox 1689 3007 1793 3082; x_wconf 77' lang='grc' dir='ltr'>μὲν</span> <span class='ocrx_word' id='word_1_261' title='bbox 1824 3004 1941 3085; x_wconf 73' lang='grc' dir='ltr'>γὰρ</span> 
     </span>
     <span class='ocr_line' id='line_1_35' title="bbox 335 3090 1942 3176; baseline 0.002 -26"><span class='ocrx_word' id='word_1_262' title='bbox 335 3097 390 3155; x_wconf 88' lang='grc' dir='ltr'>ἐς</span> <span class='ocrx_word' id='word_1_263' title='bbox 414 3092 621 3170; x_wconf 68' lang='grc' dir='ltr'>αἰχμσῖς</span> <span class='ocrx_word' id='word_1_264' title='bbox 657 3095 749 3153; x_wconf 79' lang='grc' dir='ltr'>καὶ</span> <span class='ocrx_word' id='word_1_265' title='bbox 775 3093 927 3172; x_wconf 74' lang='grc' dir='ltr'>ἄρδις</span> <span class='ocrx_word' id='word_1_266' title='bbox 968 3096 1061 3154; x_wconf 79' lang='grc' dir='ltr'>καὶ</span> <span class='ocrx_word' id='word_1_267' title='bbox 1105 3094 1361 3176; x_wconf 78' lang='grc' dir='ltr'>σαγάρις,</span> <span class='ocrx_word' id='word_1_268' title='bbox 1402 3097 1598 3174; x_wconf 82' lang='grc' dir='ltr'>χαλκῷ</span> <span class='ocrx_word' id='word_1_269' title='bbox 1632 3093 1706 3154; x_wconf 71' lang='grc' dir='ltr'>τὰ</span> <span class='ocrx_word' id='word_1_270' title='bbox 1747 3090 1942 3154; x_wconf 69' lang='grc' dir='ltr'>πάντα</span> 
     </span>
     <span class='ocr_line' id='line_1_36' title="bbox 330 3179 1945 3261; baseline 0.002 -22"><span class='ocrx_word' id='word_1_271' title='bbox 330 3179 618 3256; x_wconf 87' lang='grc' dir='ltr'>χρέωνται·</span> <span class='ocrx_word' id='word_1_272' title='bbox 659 3180 773 3241; x_wconf 83' lang='grc' dir='ltr'>ὅσα</span> <span class='ocrx_word' id='word_1_273' title='bbox 811 3182 871 3241; x_wconf 84' lang='grc' dir='ltr'>δὲ</span> <span class='ocrx_word' id='word_1_274' title='bbox 909 3183 1038 3261; x_wconf 79' lang='grc' dir='ltr'>περὶ</span> <span class='ocrx_word' id='word_1_275' title='bbox 1075 3182 1332 3259; x_wconf 83' lang='grc' dir='ltr'>κεφαλὴν</span> <span class='ocrx_word' id='word_1_276' title='bbox 1378 3184 1471 3242; x_wconf 83' lang='grc' dir='ltr'>καὶ</span> <span class='ocrx_word' id='word_1_277' title='bbox 1517 3182 1806 3259; x_wconf 85' lang='grc' dir='ltr'>ζωστῆρας</span> <span class='ocrx_word' id='word_1_278' title='bbox 1844 3180 1945 3242; x_wconf 77' lang='grc' dir='ltr'>καὶ</span> 
     </span>
     <span class='ocr_line' id='line_1_37' title="bbox 338 3265 1944 3348; baseline 0.007 -25"><span class='ocrx_word' id='word_1_279' title='bbox 338 3268 827 3344; x_wconf 86' lang='grc' dir='ltr'>μασχαλιστῆρας,</span> <span class='ocrx_word' id='word_1_280' title='bbox 877 3272 1071 3348; x_wconf 74' lang='grc' dir='ltr'>χρυσῷ</span> <span class='ocrx_word' id='word_1_281' title='bbox 1121 3270 1478 3347; x_wconf 85' lang='grc' dir='ltr'>κοσμέονται·</span> <span class='ocrx_word' id='word_1_282' title='bbox 1544 3268 1617 3334; x_wconf 76' lang='grc' dir='ltr'>ὥς</span> <span class='ocrx_word' id='word_1_283' title='bbox 1664 3268 1712 3329; x_wconf 85' lang='grc' dir='ltr'>δ’</span> <span class='ocrx_word' id='word_1_284' title='bbox 1762 3265 1944 3335; x_wconf 72' lang='grc' dir='ltr'>αὕτως</span> 
     </span>
    </p>
   </div>
   <div class='ocr_carea' id='block_1_2' title="bbox 2175 1543 2181 2344">
    <p class='ocr_par' dir='ltr' id='par_1_4' title="bbox 2175 1543 2181 2344">
     <span class='ocr_line' id='line_1_38' title="bbox 2175 1543 2181 2344; baseline 0 0"><span class='ocrx_word' id='word_1_285' title='bbox 2175 1543 2181 2344; x_wconf 95' lang='lat' dir='ltr'> </span> 
     </span>
    </p>
   </div>
  </div>
 </body>
</html>
