2184 3517
270 119 335 167 26
884 122 1249 174 ‘HPOAomo'r
1805 124 1875 190 [1.

267 198 435 279 μέγα·
476 197 751 265 θύσαντος
782 200 895 282 γοὶρ
932 202 1103 263 αὐτοῦ
1140 202 1214 264 τοὶ
1257 202 1364 281 ἱροὶ,
1393 207 1448 264 οἱ
1480 205 1724 281 λέβητες
1758 209 1879 265 ἔπε-

270 289 522 357 στεῶτες,
541 288 635 346 καὶ
660 293 831 365 κρεῶν
847 316 911 349 τε
936 289 1116 356 ἐόντες
1144 292 1378 369 ἔμπλεοι
1396 292 1489 351 καὶ
1512 290 1728 362 ὕδατος,
1750 291 1880 354 ἄνευ

268 373 442 451 πυρός
481 376 693 446 ἔζεσαν,
721 377 815 436 καὶ
847 376 1220 456 ύπερέβαλον.
1302 380 1494 456 Χίλων
1534 379 1595 438 δὲ
1632 378 1665 439 ὅ
1702 385 1880 441 Λακε-

269 460 550 540 δαιμόνιος
578 464 912 544 παρατυχῶν
946 466 1038 525 καὶ
1064 465 1409 544 θεησάμενος
1433 466 1501 527 τό
1525 466 1690 544 τέρας
1710 457 1880 529 Ισυνε·-

268 550 513 626 βούλευε
545 550 903 629 Ἱπποκράτεϊ
932 557 1127 631 πρῶτα
1160 557 1264 633 μὲν
1296 558 1532 636 γυναῖκα
1555 579 1881 617 τεκνοποιον

266 638 349 715 μή
376 636 668 719 αγεσθαι’
642 665 697 702 ες
721 639 794 699 τοὶ
804 642 981 711 ρικία,
1009 646 1057 701 εἰ
1090 642 1152 702 δὲ
1175 642 1438 724 τυγχάνει
1471 643 1627 722 ἔχων,
1655 642 1881 721 δεύτερα

178 759 195 768 2
268 724 373 802 τήν
408 730 644 808 γυναῖκα
683 728 998 806 ἐκπέμπειν·
1041 729 1135 789 καὶ
1175 732 1227 789 εἴ
1260 756 1346 794 τις
1385 733 1439 791 οἱ
1475 729 1737 812 τυγχάνει
1776 729 1881 793 ἐῶν

270 817 420 884 παῖς,
455 818 654 876 τοῦτον
689 815 1057 878 απείπασθαι·
1103 817 1276 878 οὔκων
1309 822 1486 878 ταῦτα
1511 820 1881 896 παραινέσαν-

269 928 368 965 τος
423 904 679 968 Χίλωνος
736 905 1032 966 πείθεσθαι
1091 906 1280 967 θέλειν
1339 905 1441 967 τᾶν
1489 904 1876 984 Ἱπποκράτεα,

267 987 534 1070 γενέσθαι
573 994 628 1051 οἶ
664 992 810 1070 μετὰ
847 997 1024 1053 ταῦτα
1061 993 1163 1055 τᾶν
1203 994 1623 1072 Πεισίστρατον
1660 998 1877 1055 τοῦτον·

272 1077 348 1148 ὃς,
366 1079 782 1151 στασιαζόντων
805 1085 916 1142 τῶν
939 1082 1210 1159 παράλων
1230 1083 1323 1142 καὶ
1345 1086 1457 1143 τῶν
1476 1088 1538 1142 ἐκ
1562 1086 1664 1142 τοῦ
1686 1082 1879 1142 πεδίου

269 1164 592 1243 Ἀθηναίων,
621 1169 714 1228 καὶ
744 1173 855 1230 τῶν
877 1173 981 1247 μὲν
1011 1175 1393 1249 προεστεῶτος
1419 1169 1752 1252 Μεγακλέος
1775 1174 1877 1230 τοῦ

267 1252 664 1333 Ἀλκμαίωνος,
691 1261 801 1318 τῶν
841 1258 902 1318 δὲ
935 1263 996 1319 ἔκ
1028 1262 1130 1319 τοῦ
1160 1260 1354 1319 πεδίου
1377 1256 1703 1339 Λυκούργου
1726 1256 1878 1336 Ἀρι-

272 1343 596 1413 στολαΐδεω,
624 1345 1060 1422 καταφρονήσας
1084 1344 1189 1422 τήν
1212 1345 1524 1424 τυραννίδα,
1549 1344 1738 1427 ἤγειρε
1762 1347 1878 1423 τρί-

269 1455 374 1507 την
405 1430 632 1492 στάσιν.
714 1434 996 1503 συλλέξας
1033 1434 1094 1494 δὲ
1130 1433 1464 1504 στασιώτας,
1494 1434 1588 1492 καὶ
1621 1438 1700 1514 τῷ
1723 1434 1878 1515 λόγῳ

271 1522 383 1579 τῶν
405 1518 749 1598 ὑπερακρίων
772 1521 1042 1599 προστὰς,
1066 1526 1388 1602 μηχανᾶται
1418 1520 1621 1582 τοιάδε·
1660 1547 1877 1599 τρωμα-

268 1611 432 1674 τίσας
466 1607 667 1672 ἑωυτόν
701 1636 765 1672 τε
800 1611 891 1670 καὶ
926 1610 1205 1689 ἡμιόνους,
1232 1610 1420 1686 ἤλασε
1451 1615 1508 1673 ἐς
1535 1609 1640 1686 τῆν
1665 1609 1880 1691 οἷγορῆν

270 1698 338 1759 τὸ
370 1699 563 1781 ζεῦγος
594 1697 666 1763 ὦς
701 1698 1053 1780 ε’κπεφευγῶς
1082 1697 1213 1763 τούς
1239 1697 1487 1778 ἔχθροῦς,
1516 1698 1576 1758 οἵ
1593 1723 1692 1775 μιν
1718 1698 1878 1758 ἐλαύ-

268 1812 436 1848 νοντα
463 1792 516 1851 ἐς
551 1786 725 1868 οἷγρόν
750 1787 1041 1865 ἠθέλησαν
1074 1786 1357 1847 ἀπολέσαι
1382 1786 1568 1863 δῆθεν·
1611 1784 1792 1847 ε’δέετό
1814 1813 1879 1847 τε

268 1879 370 1935 τοῦ
403 1875 581 1951 δήμου
620 1878 880 1953 φυλακῆς
911 1874 1062 1939 τινός
1086 1873 1230 1953 πρὸς
1256 1874 1426 1935 αὐτοῦ
1455 1877 1713 1952 κυρῆσαι,
1742 1874 1878 1954 πρό-

270 1987 433 2040 τερον
474 1962 844 2039 εὐδοκιμήσας
886 1967 945 2024 ἐν
981 1966 1054 2042 τῇ
1094 1961 1237 2040 πρός
1275 1964 1573 2044 Μεγαρέας
1608 1962 1878 2044 γενομένῃ

272 2051 599 2131 στρατηγίῃ,
625 2049 876 2111 Νίσαιάν
909 2075 973 2112 τε
1006 2049 1148 2111 ἑλῶν
1175 2050 1267 2109 καὶ
1292 2049 1447 2110 ἄλλα
1472 2048 1879 2127 ἀποδεξάμενος

269 2137 496 2220 μεγάλα
529 2139 681 2219 ἔργα·
724 2137 758 2198 ὁ
784 2139 844 2198 δὲ
869 2138 1045 2216 δῆμος
1069 2138 1104 2199 ὅ
1131 2143 1243 2199 τῶν
1273 2137 1582 2214 Ἀθηναίων
1609 2138 1878 2214 ἐξαπατη-

271 2226 401 2295 θεὶς,
440 2224 605 2285 ἔδωκέ
629 2228 685 2287 οἱ
718 2231 830 2288 τῶν
855 2226 1046 2288 άστῶν
1070 2226 1380 2296 καταλέξας
1403 2224 1605 2303 ἄνδρας
1627 2224 1875 2290 τούτους·

271 2314 327 2374 οἳ
366 2313 670 2392 δορυφόροι
697 2317 802 2393 μὲν
843 2314 942 2376 οὐκ
977 2316 1233 2396 ε’γένοντο
1265 2312 1685 2391 Πεισιστράτου
1719 2339 1879 2390 κορυ-

268 2402 509 2481 νηφόροι
546 2402 627 2463 δέ·
672 2402 852 2473 ξύλων
884 2403 997 2484 γὰρ
1041 2402 1275 2481 κορύνας
1310 2403 1529 2481 ἔχοντες
1566 2401 1787 2463 εἵποντό
1822 2405 1879 2463 οἱ

269 2491 492 2553 ὄπισθε·
534 2490 1050 2555 συνεπαναστάντες
1075 2492 1137 2552 δὲ
1162 2488 1315 2551 οὗτοι
1339 2489 1457 2567 ἅμα
1482 2488 1878 2571 Πεισιστράτῳ

200 2637 207 2644 .
271 2582 445 2659 ἔσχον
468 2579 573 2656 τὴν
594 2579 921 2657 ἀκρόπολιν.
989 2580 1121 2641 ἔνθα
1146 2579 1214 2656 δή
1241 2579 1274 2640 ὁ
1300 2580 1717 2657 Πεισίστρατος
1734 2578 1878 2658 ἦρχε

268 2667 593 2744 Ἀθηναίων,
621 2667 750 2728 οὔτε
786 2666 954 2745 τιμοὶς
990 2668 1092 2732 τοὶς
1132 2666 1334 2733 εὀύσας
1373 2666 1721 2745 συνταράξας
1750 2664 1879 2726 οὔτε

194 2793 204 2821 ι
270 2757 480 2833 θέσμια
503 2754 877 2833 μεταλλάξας·
928 2756 1024 2817 ε’πί
1056 2781 1121 2816 τε
1143 2760 1297 2817 τοῖσι
1337 2759 1682 2817 κατεστεῶσι
1722 2756 1879 2832 ἔνεμε

183 2856 259 2915 60
269 2843 373 2921 τὴν
411 2843 599 2916 πόλιν,
627 2845 882 2922 κοσμέων
916 2848 1103 2909 καλῶς
1134 2869 1202 2906 τε·
1233 2845 1324 2905 καὶ
1357 2841 1445 2905 εὖ(
1518 2842 1684 2904 Μετοὶ
1714 2843 1775 2903 δὲ
1810 2842 1877 2902 ού

269 2931 493 2995 πολλὸν
523 2932 728 3013 χρόνον
760 2931 937 2993 τῶυτὸ
972 2932 1357 3011 φρονήσαντες
1382 2933 1443 2993 οἶ
1470 2957 1534 2993 τε
1556 2936 1658 2991 τοῦ
1685 2937 1877 3012 Μεγα-

270 3022 442 3085 κλέως
479 3025 793 3082 στασιῶται
819 3022 912 3080 καὶ
940 3024 994 3081 οἱ
1017 3024 1121 3080 τοῦ
1148 3020 1487 3102 Λυκούργου,
1517 3018 1883 3089 ἐξελαύνουσί

269 3136 387 3188 μιν.
436 3109 577 3169 οὕτω
591 3112 694 3186 μὲν
711 3110 1128 3186 Πεισίστρατος
1145 3109 1279 3187 ἔσχε
1295 3107 1363 3167 τὰ
1380 3111 1601 3185 πρῶτον
1617 3104 1876 3182 Ἀθήνας,

271 3199 364 3258 καὶ
413 3197 517 3273 τήν
563 3196 858 3275 τυραννίδα
909 3194 1051 3256 οὔκω
1100 3194 1275 3272 κάρτα
1321 3194 1685 3273 ἐρριζωμένην
1736 3193 1879 3273 ἔχων

196 3287 203 3295 ”
271 3284 548 3360 ἀπέβαλε·
588 3286 642 3346 οἱ
667 3284 728 3343 δὲ
765 3283 1130 3355 ἐξελάσαντες
1163 3282 1597 3359 Πεισίστρατον,
1625 3279 1779 3344 αὖτις
1814 3284 1879 3339 ἐκ
