2184 3517
276 124 564 190 ιτα-132]
965 126 1193 179 xmo.
1817 126 1879 179 67

359 201 680 285 Ἀστυάγης
716 206 821 282 μέν
860 231 957 267 νυν
995 204 1357 283 βασιλεύσας
1400 204 1485 265 ἐπ’
1517 204 1642 265 ἔτεα
1674 204 1842 264 πέντε
1860 206 1978 264 130

275 290 373 350 καὶ
396 290 709 366 τριήκοντα,
732 291 872 352 οὕτω
894 296 995 369 τῆς
1018 293 1332 369 βασιληίης
1351 291 1729 366 κατεπαύσθη·
1757 295 1884 367 Μῆ-

275 377 370 436 δοι
393 377 455 437 δὲ
477 377 766 458 ὑπέκυψαν
795 381 1060 458 Πέρσῃσι
1088 379 1179 438 διοὶ
1204 379 1309 456 τὴν
1331 378 1532 440 τούτου
1558 378 1881 453 πικρότητα,

274 463 542 541 ἄρξαντες
578 468 681 541 τῆς
721 465 834 525 ἅνω
853 466 1067 530 ’Ἀλυος
1106 470 1362 544 ποταμοῦ
1402 465 1601 541 Ἀσίης
1637 465 1722 525 ἐπ’
1760 467 1883 526 ἔτεα

271 552 573 628 τριήκοντα
610 554 704 613 καὶ
742 554 938 615 ἑκατόν
970 555 1111 615 δυιῦν
1144 554 1355 624 δέοντα,
1383 554 1563 632 παρὲξ
1592 552 1630 630 ἢ
1662 553 1801 614 ὅσον
1827 557 1883 614 οἷ.

275 639 492 704 Σκύθαι
516 640 712 720 ἦρχον.
780 641 994 722 ὑστέρῳ
1019 643 1212 719 μέντοι
1237 642 1420 722 χρόνῳ
1443 642 1798 719 μετεμέλησέ
1818 642 1884 703 τέ

272 734 394 804 σφι
431 732 605 789 ταῦτα
641 729 924 806 ποιήσασι
964 732 1057 789 καὶ
1092 729 1425 805 ἀπέστησαν
1463 729 1577 790 οἷπὸ
1619 730 1880 807 Δαρείου·

274 815 625 882 ἀποστάντες
672 818 733 878 δὲ
773 818 956 878 ὀπίσω
997 818 1508 896 κατεστράφθησαν
1541 818 1698 898 μάχῃ
1731 843 1878 894 νικη-

275 904 482 970 θέντες·
525 905 653 967 τότε
687 906 745 967 δὲ
788 908 879 967 ἐπὶ
908 905 1250 988 Ἀστυάγεος
1289 910 1344 966 οῖ
1374 906 1597 985 Πέρσαι
1625 932 1690 966 τε
1721 906 1814 965 καὶ
1846 905 1880 967 o‘

276 996 468 1068 Κῦρος
508 993 920 1058 ἐπαναστάντες
957 998 1113 1055 τοῖσι
1146 994 1419 1071 Μήδοισι,
1457 993 1636 1074 ἦρχον
1663 993 1730 1054 τό
1766 993 1879 1054 <ind

271 1079 477 1140 τούτου
509 1085 610 1157 τῆς
647 1080 864 1159 Ἀσίης.
931 1081 1253 1164 Ἀστυάγεα
1284 1083 1345 1142 δὲ
1377 1085 1562 1159 Κῦρος
1594 1080 1764 1141 κακὰν
1788 1080 1880 1140 οὗ·

273 1167 369 1226 δὲν
403 1167 551 1229 ἄλλο
591 1169 839 1246 ποιήσας
875 1170 990 1250 εἶχε
1020 1170 1150 1249 παρ’
1181 1172 1358 1248 ἑωυτῷ
1386 1174 1440 1232 ἐς
1470 1168 1504 1229 ὃ
1531 1167 1878 1244 ἐτελεύτησε.

272 1254 420 1314 οὕτω
444 1254 514 1331 δή
543 1260 730 1335 Κῦρος
747 1257 1043 1338 γενόμενός
1067 1283 1131 1318 τε
1151 1259 1244 1317 καὶ
1261 1257 1494 1334 τραφεὶς
1515 1257 1876 1332 ἐβασθιευσε,

273 1343 369 1401 καὶ
406 1348 661 1421 Κροῖσον
694 1344 933 1423 ὕστερον
961 1344 1173 1405 τούτων
1209 1344 1453 1422 ἄρξαντα
1487 1343 1698 1420 ἀδικίης
1723 1369 1879 1403 κατε-

270 1431 580 1508 στρέψατο,
623 1431 696 1497 ὥς
736 1434 953 1510 εἴρηταί
987 1458 1088 1510 μοι
1129 1432 1197 1493 τό
1225 1431 1526 1512 πρότερον,
1567 1435 1765 1492 τοῦτον
1817 1432 1879 1493 δὲ

271 1519 818 1598 καταστρεψάμενος,
848 1520 990 1581 οὕτω
1014 1520 1204 1596 πάσης
1229 1525 1332 1597 τῆς
1354 1520 1554 1597 Ἀσίης
1577 1519 1730 1597 ἦρξε.

352 1608 585 1685 Πέρσας
599 1609 659 1669 δὲ
680 1609 805 1670 οἶδα
825 1608 1051 1688 νόμοισι
1068 1609 1259 1669 τοῖσδε
1274 1609 1633 1688 χρεωμένους·
1661 1608 1836 1690 οἷγάλ-
1857 1610 1966 1669 131

267 1719 423 1772 ματα
458 1698 562 1772 μὲν
589 1697 680 1756 καὶ
711 1697 876 1774 νηοῦς
912 1698 1004 1757 καὶ
1034 1697 1263 1773 βωμοῦς
1300 1695 1401 1757 οὐκ
1434 1702 1491 1757 ἐν
1518 1695 1669 1776 νόμῳ
1693 1723 1876 1757 ποιευ-

265 1783 468 1859 μένους
523 1783 825 1862 ῖδρύεσθαι,
868 1785 1024 1845 ἀλλὰ
1071 1785 1164 1843 καὶ
1209 1787 1365 1845 τοῖσι
1403 1788 1627 1844 ποιεῦσι
1665 1787 1877 1861 μωρίην

268 1872 625 1949 ἐπιφέρουσι,
667 1872 741 1937 ὥς
778 1876 885 1950 μὲν
926 1873 1049 1949 ἐμοὶ
1092 1873 1287 1943 δοκέει,
1324 1871 1412 1932 ὅτι
1452 1871 1551 1932 οὐκ
1592 1871 1875 1951 ἅνθρωπο-

268 1961 446 2034 φυέας
494 1960 759 2036 ἐνόμισαν
797 1959 926 2024 τοῦς
969 1960 1144 2031 θεοῦς,
1197 1959 1440 2038 κατάπερ
1484 1963 1539 2020 οἱ
1578 1959 1873 2036 Ἕλληνες,

267 2046 426 2108 εἶναι.
497 2051 553 2107 οῖ
592 2048 651 2109 δὲ
691 2049 982 2125 νομίζουσι
1026 2049 1124 2107 Διῒ
1161 2050 1265 2123 μὲν
1306 2048 1398 2107 ἐπὶ
1433 2047 1507 2107 τοὶ
1544 2046 1875 2124 ὑψηλότατα

263 2138 379 2194 τῶν
403 2134 607 2211 οὗρέων
633 2134 1031 2211 ἀναβαίνοντες
1055 2135 1304 2218 [θυσίας]
1332 2136 1520 2213 ἔρδειν,
1541 2135 1642 2196 τόν
1667 2135 1873 2196 κύκλον

263 2221 451 2283 πάντα
479 2227 584 2283 τοῦ
614 2222 849 2301 ούρανοῦ
886 2224 996 2283 Δία
1037 2224 1348 2287 καλέοντες·
1404 2223 1603 2283 θύουσι
1635 2222 1695 2281 δὲ
1725 2222 1869 2302 ἡλίῳ

261 2335 327 2368 τε
370 2310 464 2368 καὶ
504 2310 721 2390 σελήνῃ
761 2311 855 2370 καὶ
891 2315 970 2391 γῇ
1007 2311 1101 2370 καὶ
1131 2310 1261 2387 πυρὶ
1296 2309 1387 2368 καὶ
1426 2308 1584 2368 ὕδατι
1620 2310 1712 2368 καὶ
1750 2309 1871 2370 ἅνέ·

259 2423 449 2473 μοισι·
489 2397 743 2459 τούτοισι
768 2424 872 2475 μεν
899 2399 967 2473 δη
993 2397 1258 2475 μούνοισι
1284 2395 1485 2457 θύουσι
1512 2395 1776 2474 ἀρχῆθεν.

342 2483 840 2563 Ἐπιμεμαθήκασι
879 2485 938 2544 δὲ
979 2486 1069 2544 καὶ
1111 2489 1184 2564 τῇ
1226 2483 1472 2564 Οὐρανίῃ
1513 2483 1678 2553 θύειν,
1714 2481 1870 2562 παρά

256 2599 325 2634 τε
364 2571 683 2652 Ἀσσυρίων
711 2573 982 2649 μαθόντες
1022 2574 1115 2634 καὶ
1153 2572 1456 2652 Ἀραβίων·
1511 2573 1778 2632 καλέουσι
1808 2573 1868 2632 δὲ

255 2659 561 2740 Ἀσσύριοι
592 2687 699 2738 την
720 2660 1062 2738 Ἀφροδιτην
1097 2662 1377 2742 Μύλιττα,
1403 2659 1667 2738 Ἀράβιοι
1693 2660 1789 2720 δε”
1791 2667 1868 2719 Α-

254 2752 443 2820 λιττα,
461 2750 689 2826 Πέρσαι
713 2748 786 2809 δε
799 2750 1041 2827 Μίτραν.
1101 2750 1284 2826 Θυσίη
1304 2735 1362 2809 δὲ
1386 2751 1541 2809 τοῖσι
1560 2750 1827 2828 Πέρσῃσι
1847 2750 1961 2810 132

252 2836 389 2914 περὶ
412 2837 545 2901 τοῦς
572 2838 888 2915 εἰρημένους
924 2837 1083 2901 θεοῦς
1109 2836 1208 2913 ἥδε
1236 2838 1559 2913 κατέστηκε·
1602 2836 1729 2897 οὔτε
1751 2838 1864 2911 βω·

248 2924 396 3002 μοῦς
421 2929 707 2986 ποιεῦνται
734 2924 863 2986 οὔτε
886 2928 999 3002 πῦρ
1018 2924 1366 2985 οἷνακαίουσι·
1391 2926 1697 3001 μέλλοντες
1717 2923 1866 2983 θύειν

250 3011 323 3072 οὗ
361 3013 587 3093 σπονδῇ
616 3015 902 3093 χρέωνται,
937 3012 1059 3073 οῦκὶ
1097 3012 1264 3091 αὐλῷ,
1298 3011 1363 3071 οὗ
1400 3012 1709 3088 στέμμασι,
1742 3009 1864 3069 οὖκὶ

248 3099 485 3179 οὐλῇσι·
537 3105 649 3161 τῶν
689 3102 750 3161 δὲ
794 3101 865 3165 ὦς
912 3100 1127 3178 ἑκάστῳ
1170 3099 1319 3160 θύειν
1366 3100 1536 3167 θέλει,
1583 3103 1638 3160 ἐς
1677 3100 1863 3176 χῶρον

248 3189 506 3268 καθαρὸν
533 3189 760 3272 ἀγαγὼν
783 3189 851 3249 τό
886 3193 1083 3265 κτῆνος
1110 3187 1297 3246 καλέει
1320 3184 1421 3245 τόν
1447 3186 1591 3255 θεόν,
1621 3190 1862 3260 ἐστεφα-

246 3277 498 3354 νωμένος
533 3277 635 3338 τόν
664 3276 863 3355 τιάραν
899 3276 1144 3353 μυρσίνῃ
1182 3272 1457 3351 μάλιστα.
1539 3275 1719 3351 ἑωυτῷ
1754 3273 1861 3348 μὲν
