2184 3517
237 111 450 178 33-361
919 115 1192 166 eAAmA.
1728 116 1824 169 217

237 191 515 270 ἅληθέες.”
593 194 868 272 πρότερον
897 194 1009 276 γοὶρ
1051 195 1121 271 δὴ
1158 194 1281 273 ἄρα,
1309 197 1579 272 Περσέων
1608 198 1665 256 οἱ
1694 188 1826 256 συν·

239 282 397 359 έδρων
431 280 632 342 ἐόντων
665 282 759 341 καὶ
788 283 1063 359 Κροίσου,
1109 283 1285 360 εἴρετο
1317 282 1646 360 Καμβύσης
1676 282 1827 348 κοῖός

237 394 314 434 τις
362 369 548 430 δοκέοι
599 368 739 446 ἀνὴρ
793 368 933 430 εἶναι
983 369 1127 447 πρὸς
1179 370 1280 432 τόν
1328 372 1543 448 πατέρα
1597 372 1830 431 τελέσαι

238 461 453 533 Κῦρον;
498 459 553 517 οἱ
579 457 641 516 δὲ
665 455 989 534 ἀμείβοντο,
1012 458 1081 521 ὥς
1109 458 1193 534 εἴη
1219 456 1454 535 ἀμείνων
1472 462 1574 518 τοῦ
1599 459 1828 536 πατρός·

239 544 305 605 τά
325 570 388 604 τε
411 544 523 626 γὰρ
550 545 759 605 ἐκείνου
786 571 971 605 παντα
1003 570 1149 625 εχειν
1179 558 1363 616 αυτον,
1393 545 1485 605 καὶ
1519 551 1829 623 προσεκτῆ-

238 633 371 693 σθαι
410 631 698 713 Αἵγιηττόν
737 657 802 693 τε
838 632 931 692 καὶ
960 633 1065 708 τήν
1099 631 1421 695 θάλασσαν·
1477 635 1700 712 Πέρσαι
1726 637 1832 711 μὲν

240 719 307 795 δή
345 724 522 780 ταῦτα
565 721 779 801 ἔλεγον·
849 724 1103 798 Κροῖσος
1142 721 1205 780 δὲ
1244 721 1462 800 παρεών
1502 748 1567 782 τε
1602 724 1694 782 καὶ
1730 721 1832 782 ούκ

239 807 608 886 ἀρεσκόμενος
650 812 725 887 τῇ
769 809 986 886 κρίσει,’
1015 808 1136 869 εἶπε
1180 810 1322 886 πρὸς
1359 811 1459 871 τᾶν
1506 810 1834 887 Καμβύσεα

237 894 383 956 τάδε·
451 907 487 932 “
503 896 629 973 ἐμοὶ
677 896 788 973 μέν·
827 922 940 967 νυν,
995 895 1039 956 ὦ
1089 899 1199 956 παῖ
1247 895 1455 974 Κύρου,
1509 896 1576 957 ού
1628 898 1834 962 δοκέεις

238 982 429 1060 ὁμοῖος
453 984 591 1044 εἶναι
616 988 695 1062 τῷ
718 985 936 1062 πατέρι·
979 983 1044 1044 οὔ
1069 984 1182 1065 γάρ
1207 1010 1285 1044 κω
1309 986 1403 1044 τοί
1424 990 1549 1045 ἐστι
1572 985 1689 1049 υἷός
1712 985 1835 1045 οἷόν

238 1095 310 1131 σε
343 1076 546 1136 ἐκεῖνος
580 1071 960 1132 κατελίπετο·”
1014 1070 1172 1148 ἥσθη
1204 1097 1269 1132 τε
1301 1076 1479 1132 ταῦτα
1520 1071 1765 1136 οἰκούσας
1800 1072 1833 1132 ὁ

238 1158 562 1235 Καμβύσης
587 1159 679 1218 καὶ
707 1161 919 1219 ἐπαίνεε
943 1159 1048 1234 τήν
1074 1160 1331 1235 Κροίσου
1358 1161 1561 1236 κρίσιν.
1613 1158 1834 1220 Τούτων
1852 1162 1926 1220 35

234 1246 306 1323 δὴ
337 1246 412 1307 ὧν
448 1247 861 1324 ἐπιμνησθέντα
896 1247 1039 1328 ὀργῇ
1074 1249 1264 1329 λέγειν
1298 1247 1441 1324 πρός
1473 1246 1573 1307 τὸν
1608 1247 1834 1324 Πρηξά-
1891 1275 1909 1283 ’

237 1359 409 1395 σπεα·
466 1335 583 1395 “o-13
624 1340 722 1397 νῦν
763 1334 910 1412 μάθε
954 1340 1002 1394 εἰ
1045 1337 1284 1417 λέγουσι
1329 1336 1554 1412 Πέρσαι
1600 1334 1830 1411 ἀληθέα,

232 1423 349 1490 Δεἴτε
383 1422 542 1484 αὐτοὶ
579 1424 841 1504 λέγοντες
880 1426 1057 1484 ταῦτα
1096 1423 1575 1500 παραφρονέουσι·
1644 1427 1693 1483 εἲ
1731 1426 1836 1500 μὲν
1915 1446 1918 1449 ’

234 1510 349 1591 γοῖρ
394 1514 495 1571 τοῦ
546 1511 747 1576 παιδὸς
783 1515 885 1576 τοῦ
925 1515 1035 1574 σοῦ
1073 1512 1238 1571 τοῦδε
1277 1515 1546 1574 ἑστεῶτος
1583 1516 1643 1572 ἐν
1681 1515 1835 1571 τοῖσι

235 1599 575 1677 προθύροισι
595 1599 799 1678 βαλών
819 1599 1049 1680 τύχοιμι
1082 1601 1266 1677 μέσης
1296 1604 1399 1675 τῆς
1424 1600 1661 1677 καρδίης,
1692 1602 1836 1678 Πέρ-

238 1713 342 1748 σαι
367 1688 669 1763 φανέονται
699 1688 959 1769 λέγοντες
985 1687 1162 1749 οὐδέν·
1202 1687 1272 1765 ἢν
1303 1689 1365 1748 δὲ
1394 1687 1637 1766 ἁμάρτω,
1665 1688 1840 1765 φάναι

237 1776 474 1853 Πέρσας
505 1801 571 1836 τε
597 1777 789 1857 λέγειν
825 1775 1043 1853 α’,ληθέα
1082 1777 1176 1835 καὶ
1213 1779 1287 1853 μὲ
1324 1776 1406 1854 μή
1449 1776 1840 1854 σωφρονέειν·”

235 1868 414 1924 ταῦτα
440 1864 501 1923 δὲ
535 1863 762 1924 εἰπόντα
792 1865 885 1924 καὶ
925 1865 1269 1925 διατείναντα
1299 1864 1366 1926 τό
1399 1864 1580 1935 τόξον,
1606 1865 1840 1941 βαλέειν

233 1951 341 2012 τὸν
391 1951 584 2018 παῖδα·
665 1951 940 2016 πεσόντος
984 1953 1044 2013 δὲ
1096 1956 1198 2013 τοῦ
1250 1952 1462 2022 παιδὸς,
1517 1951 1840 2032 ἀνασχίζειν

237 2039 412 2101 αύτόν
446 2038 693 2100 κελεύειν
725 2041 818 2099 καὶ
850 2042 1178 2119 σκέψασθαι
1209 2041 1276 2103 τό
1307 2044 1535 2119 βλῆμα·
1583 2041 1656 2105 ὦς
1686 2041 1745 2100 δὲ
1776 2046 1836 2102 ἐν

234 2131 311 2206 τῇ
339 2128 535 2207 καρδίῃ
564 2127 854 2204 εὑρεθῆναι
878 2128 1101 2191 ἐνεόντα
1138 2129 1239 2190 τᾶν
1262 2129 1474 2200 ὀϊστὸν,
1504 2132 1675 2189 εἰπεῖν
1699 2128 1840 2207 πρός

232 2215 341 2277 τόν
377 2216 595 2292 πατέρα
631 2218 733 2276 τοῦ
784 2216 997 2286 παιδὸς,
1033 2216 1363 2298 γελάσαντα
1408 2216 1501 2275 καὶ
1537 2218 1842 2295 περιχαρέα

232 2301 561 2385 γενόμενον·
604 2312 641 2338 “
655 2302 1015 2381 Πρήξασπες,
1044 2303 1117 2368 ὥς
1144 2309 1249 2379 μὲν
1285 2306 1457 2385 ἔγαηκε
1483 2303 1547 2363 ού
1571 2304 1845 2380 μαίνομαί

232 2418 302 2453 τε
337 2392 564 2470 Πέρσαι
601 2416 666 2454 τε
703 2393 1163 2469 παραφρονέουσι
1194 2391 1341 2468 δῆλά
1369 2417 1460 2452 τοι
1489 2391 1704 2471 γέγονε·
1744 2394 1843 2451 νῦν

234 2480 305 2541 δέ
333 2505 451 2556 μοιδ
466 2481 601 2549 εἰπὲ,
628 2479 753 2539 τίνα
785 2478 922 2543 εἶδες
952 2479 1058 2556 ἤδη
1089 2479 1313 2541 πάντων
1344 2479 1644 2557 ἀνθρώπων
1675 2477 1844 2542 οὕτως

234 2569 532 2629 ἐπίσκοπα
554 2567 853 2637 τοξεύοντα
869 2566 918 2637 ;”
950 2567 1306 2644 Πρηξάσπεα
1331 2567 1391 2627 δὲ
1415 2567 1645 2645 ὁρέοντα
1671 2565 1843 2644 ἄνδρα

234 2656 308 2716 οὖ
355 2655 652 2733 φρενήρεα,
697 2655 791 2715 καὶ
840 2655 971 2732 περὶ
1016 2659 1195 2733 ἑωυτῷ
1246 2655 1610 2733 δειμαίνοντα,
1653 2659 1842 2715 εἰπεῖν·

235 2744 556 2812 ’(δέσποτα,
585 2741 700 2803 οὐδ’
726 2741 796 2803 ἂν
822 2741 989 2804 αὐτὸν
1016 2744 1189 2825 ἔγωγε
1220 2744 1391 2804 δοκέω
1419 2744 1520 2805 τὰν
1551 2743 1678 2805 θεὰν
1704 2743 1847 2804 οὕτω

233 2829 312 2892 ἂν
358 2835 543 2895 καλῶς
583 2829 878 2908 -βαλέειν.”
956 2830 1087 2892 τότε
1124 2833 1229 2908 μὲν
1266 2837 1443 2892 ταῦτα
1485 2832 1843 2912 ἐξεργάσατο·

234 2920 473 2997 ἑτέρωθι
508 2920 570 2980 δὲ
607 2918 779 2996 ὁμοῖα
808 2920 964 2979 τοῖσι
993 2918 1284 2998 πρώτοισι,
1313 2921 1578 2996 Περσέων
1608 2918 1849 2978 δυώδεκα

234 3007 339 3084 ἐφ’
367 3006 599 3085 οὐδεμιῇ
626 3007 775 3085 αἰτίῃ
806 3005 1076 3085 ἀξιόχρεῳ
1118 3004 1258 3066 ἐλῶν
1291 3006 1529 3078 ζώοντας
1560 3005 1651 3065 ἐπὶ
1676 3012 1848 3082 κεφα-

230 3095 359 3172 λὴν
385 3094 681 3173 κατώρυξε.

329 3188 527 3243 Ταῦτα
547 3183 616 3242 ’δέ
638 3208 738 3261 μιν
763 3185 1027 3241 ποιεῦντα
1047 3180 1332 3240 ἐδικαίωσε
1353 3182 1605 3257 Κροῖσος
1620 3179 1652 3239 ὅ
1667 3180 1849 3244 Λυδὸς
1867 3182 1942 3240 36

229 3272 589 3396 νουθεΐιδῖσαι
630 3268 848 3331 τοισίδε
890 3271 1045 3329 τοῖσι
1086 3268 1266 3328 ἔπεσι·
1323 3266 1412 3327 “ὦ
1464 3268 1729 3340 βασιλεῦ,
1769 3266 1849 3338 μὴ
