2184 3517
160 1252 190 1272 ⁴

214 108 234 150 1
249 99 502 163 21—125]
787 99 1242 148 ΜΕΛΠΟΜΕΝΗ
1725 107 1819 152 329

213 181 308 239 δια
333 183 437 255 τῆς
464 181 737 254 Σκυθικῆς
763 178 854 236 καὶ
878 182 980 253 τῆς
1007 179 1420 257 Σαυρομάτιδος
1453 207 1655 260 χωρης,
1684 186 1737 241 οἶ
1764 183 1823 241 δὲ

215 270 373 349 εἶχον
405 266 564 328 ούδὲν
590 266 933 336 σίνεσθαι,
897 293 996 327 ατε
1019 271 1122 343 τῆς
1152 267 1337 347 χώρης
1364 269 1566 345 ἐούσης
1590 271 1819 348 χέρσου·

217 361 345 418 ἐπεί
380 384 444 419 τε
484 358 544 417 δὲ
585 361 641 421 ἐς
677 356 782 433 τήν
820 361 931 419 τῶν
976 359 1255 418 Βουδίνων
1292 385 1480 438 χωρην
1521 360 1821 436 ἐσέβαλον,

217 449 460 507 ἐνθαῦτα
495 445 563 522 δη
606 445 923 525 ἐντυχόντες
945 449 1023 525 τῷ
1048 447 1248 527 ξυλίνῳ
1284 448 1473 526 τείχεϊ,
1502 446 1824 508 ἐκλελοιπό-

215 562 326 595 των
357 538 468 595 τῶν
498 534 775 593 Βουδίνων
802 534 895 592 καὶ
932 536 1300 611 κεκενωμένου
1324 539 1424 595 τοῦ
1451 535 1664 614 τείχεος
1688 536 1824 596 πάν-

214 649 344 694 των,
383 622 699 700 ἐνέπρησαν
730 621 886 681 αὐτό·
926 627 1095 682 τοῦτο
1132 623 1191 681 δὲ
1225 623 1563 699 ποιήσαντες
1604 624 1826 684 εἵποντο

218 713 328 774 αἰεὶ
352 709 421 771 τὸ
447 709 645 788 πρόσω
673 709 812 768 κατα
840 711 1065 787 στίβον,
1084 715 1140 773 ἐς
1167 709 1199 770 ὃ
1226 711 1597 781 διεξελθόντες
1621 711 1826 787 ταύτην

138 789 153 808 ’
220 805 278 863 ἐς
310 798 417 874 τήν
449 803 658 876 ἐρῆμον
693 797 978 857 ἀπίκοντο·
1020 797 1059 874 ἦ
1091 798 1152 857 δὲ
1185 802 1389 875 ἐρῆμος
1424 799 1563 875 αὕτη
1600 799 1711 860 ύπὸ
1739 799 1827 859 οὕ-

220 888 414 964 δαμῶν
440 886 663 962 νέμεται
688 884 920 962 ἀνδρῶν·
963 886 1147 945 κέεται
1173 885 1291 944 δὲε
1258 889 1402 966 υπέρ
1422 890 1524 961 τῆς
1549 887 1828 947 Βουδίνων

218 1001 407 1053 χωρης
435 978 607 1034 ἐοῦσα
631 974 903 1049 πλῆθος“
878 973 1017 1032 επτοὶ
1044 972 1292 1050 ἡμερέων
1312 973 1462 1033 ὁδοῦ·
1492 973 1631 1051 ὑπὲρ
1654 975 1712 1033 δὲ
1726 981 1828 1051 τῆς

222 1062 433 1140 ἐρήμου
474 1061 838 1142 Θυσσαγέται
878 1062 1144 1121 οἰκέουσι·
1184 1062 1430 1138 ποταμοὶ
1461 1061 1522 1120 δὲ
1558 1061 1622 1131 ἐξ
1650 1061 1828 1123 αύτῶν

219 1152 490 1228 τέσσερες
514 1148 809 1231 μεγάλοι“
780 1149 1000 1227 ρέοντες
1025 1149 1118 1208 διὰ
1143 1150 1440 1226 Μαιητέων
1465 1150 1800 1209 ἐκδιδοῦσι’
1774 1178 1830 1215 ες

220 1239 326 1315 τήν
351 1238 558 1316 λίμνην
581 1236 686 1314 τήν
713 1239 1056 1314 καλεομένην
1081 1241 1348 1314 Μαιῆτιν,
1368 1241 1521 1297 τοῖσι
1547 1237 1829 1314 οὐνόματα

210 1329 408 1408 θκέεται
432 1326 580 1395 τάδε,
606 1325 805 1395 Λύκος,
853 1331 1054 1401 Οαρος,
1091 1324 1311 1395 Τάναϊς,
1340 1325 1560 1407 Σύργις.
1626 1324 1787 1386 Ἐπεὶ
1807 1328 1921 1386 124

225 1413 300 1474 ὦν
332 1413 366 1473 ὁ
408 1417 643 1490 Δαρεῖος
680 1412 825 1490 ἦλθε
865 1417 921 1490 ἐς
949 1412 1055 1488 τήν
1080 1417 1305 1490 ἐρῆμον,
1332 1413 1689 1491 παυσάμενος
1727 1418 1828 1474 τοῦ

225 1501 436 1580 δρόμου
484 1501 675 1579 ἵδρυσε
723 1501 829 1576 τήν
871 1500 1144 1578 στρατιήν
1197 1502 1289 1561 ἐπὶ
1342 1507 1575 1582 ποταμῷ
1623 1501 1829 1582 Ὀάρῳ·

222 1594 394 1650 τοῦτο
437 1590 496 1649 δὲ
531 1587 777 1665 ποιήσας
808 1587 954 1648 ὄκτῶ
982 1589 1174 1669 τείχεα
1203 1589 1411 1669 ἐτείχέε
1444 1589 1670 1672 μεγάλα
1702 1591 1829 1651 ἴσον
1891 1630 1897 1635 ⁴

225 1675 322 1736 ἀπ’
360 1676 630 1754 ἀλλήλων
665 1674 966 1756 ἀπέχοντα,
1007 1678 1269 1741 σταδίους
1311 1678 1382 1741 ὦς
1422 1678 1686 1754 ἐξήκοντα
1725 1678 1831 1755 μά-

223 1765 405 1825 λιστά
437 1791 525 1842 κη·
563 1768 675 1825 τῶν
710 1765 792 1824 ἔτι
832 1769 887 1826 ἐς
917 1766 1016 1841 ἐμὲ
1046 1765 1120 1824 ταῖ
1156 1767 1369 1843 ἐρείπια
1395 1770 1520 1825 σῶα
1545 1764 1634 1842 ἦν.
1703 1770 1763 1826 ἐν
1789 1763 1831 1845 ᾧ

225 1854 287 1913 δὲ
315 1851 478 1916 οὗτος
500 1853 641 1931 πρὸς
664 1856 840 1912 ταῦτα
878 1851 1163 1930 ἐτράπετο,
1192 1856 1246 1912 οἶ
1267 1853 1593 1931 ’διωκόμενοι
1619 1852 1830 1918 Σκύθαι

225 1940 616 2019 περιελθόντες
644 1939 717 2001 τὰ
748 1938 1062 2017 κατύπερθε
1091 1939 1452 2018 ὑπέστρεφον
1477 1947 1532 2005 ἐς
1565 1943 1670 2018 τήν
1696 1936 1835 2007 Σκυ-

228 2029 414 2104 θικήν·
469 2026 893 2105 ἀφανισθέντων
944 2027 1003 2086 δὲ
1054 2026 1263 2087 τούτων
1312 2028 1379 2087 τὸ
1426 2028 1707 2105 παράπαν,
1766 2030 1836 2094 ὦς

228 2116 414 2177 ούκέτι
454 2114 830 2192 ἐφαντάζοντό
868 2119 999 2190 σφι,
1027 2114 1169 2174 οὕτω
1210 2112 1280 2190 δή
1312 2113 1345 2173 ὅ
1377 2119 1614 2191 Δαρεῖος
1646 2119 1835 2196 τείχεα

224 2207 332 2284 μὲν
358 2208 540 2264 ἐκεῖνα
571 2202 813 2284 ἡμίεργα
837 2206 1062 2280 μετῆκε,
1091 2227 1257 2264 αυτος
1282 2201 1342 2261 δὲ
1365 2201 1786 2312 ὖποστρέψας”
1750 2213 1837 2279 η’ἰε

227 2292 371 2370 πρὸς
396 2292 656 2370 ἕσπέρην,
673 2290 876 2350 δοκεων
900 2289 1130 2353 τούτους
1153 2315 1217 2349 τε
1241 2289 1452 2354 πάντας
1468 2315 1598 2353 τους
1619 2290 1837 2401 Σκύθας

227 2381 371 2442 εἶναι
397 2380 489 2439 καὶ
514 2379 655 2458 πρὸς
681 2379 927 2456 ἕσπέρην
952 2379 1138 2488 σφέας
1164 2377 1412 2459 φεύγειν.

308 2467 596 2528 Ἐλαύνων
635 2466 697 2526 δὲ
733 2464 841 2542 τήν
878 2467 1156 2545 ταχίστην
1194 2466 1295 2527 τὸν
1335 2463 1598 2542 στρατόν,
1640 2491 1711 2529 ως
1745 2470 1799 2529 ἐς
1818 2468 1933 2531 125

224 2557 334 2634 τήν
379 2555 657 2632 Σκυθικὴν
701 2554 950 2625 οἷπίκετο,
995 2555 1256 2632 ἐνέκυρσε
1301 2552 1662 2634 ἀμφοτέρῃσι
1701 2557 1838 2634 τῇσι

224 2646 467 2725 μοίρῃσι
506 2649 617 2705 τῶν
660 2643 932 2712 Σκυθέων,
966 2643 1208 2723 ἐντυχών
1251 2642 1326 2713 δὲ,
1362 2641 1558 2703 ἐδίωκε
1594 2642 1843 2721 ἐῦπεκφέ-

224 2759 432 2811 ροντας
464 2731 676 2811 ἤμέρης
715 2732 842 2812 ὁδῷ·
886 2731 1013 2811 καὶ,
1030 2730 1096 2791 οὗ
1129 2730 1243 2813 γάρ
1274 2730 1414 2792 ἀνίει
1454 2731 1622 2794 ἐπιῶν
1657 2732 1689 2794 ὅ
1725 2739 1842 2795 ,Δα-

224 2825 395 2900 ρεῖος,
427 2824 482 2881 οἳ
517 2821 730 2885 Σκύθαι
766 2819 908 2880 κατὰ,
946 2818 1019 2879 τοὶ
1051 2821 1483 2897 βεβουλευμένα
1523 2820 1843 2902 ὑπέφευγον

228 2916 288 2973 ἐς
312 2913 427 2970 τῶν
453 2908 843 2985 ἀπειπαμένων
866 2907 972 2984 τήν
997 2907 1281 2985 σφετέρην
1307 2909 1656 2987 συμμαχίην·
1694 2907 1843 2985 πρῶ-

224 3025 337 3075 την
367 2997 447 3068 δὲ,
477 3002 533 3061 ἐς
563 3002 674 3059 τῶν
699 2996 1156 3077 Μελαγχλαίνων
1178 2995 1284 3072 τήν
1311 2999 1440 3077 γῆν·
1482 2995 1553 3059 ὦς
1578 2995 1637 3054 δὲ
1663 2997 1840 3072 ἐσβα-

225 3086 434 3148 λόντες
457 3085 688 3147 τούτους
712 3083 983 3160 ἐτάραξαν
1009 3084 1153 3143 οἵτε
1181 3083 1391 3149 Σκύθαι
1408 3083 1500 3142 καὶ
1526 3086 1579 3143 οἶ
1600 3081 1842 3161 Πέρσαι,

227 3173 576 3255 κατηγέοντο
622 3175 677 3232 οἱ
730 3171 942 3235 Σκύθαι
995 3176 1050 3234 ἐς
1102 3175 1214 3232 τῶν
1264 3170 1665 3253 Ἀνδροφάγων
1716 3171 1847 3235 τούς

221 3262 471 3344 χώρους·
523 3260 911 3340 ταραχθέντων
958 3259 1019 3319 δὲ
1072 3259 1165 3320 καὶ
1206 3260 1434 3333 τούτων,
1488 3260 1710 3337 ὑπῆγον
1754 3260 1847 3320 ἐπὶ

396 3347 460 3392 26
