2184 3517
336 98 434 147 126
807 136 808 139 ,
947 96 1312 146 ἮΡΟΔοτοτ
1828 93 1937 159 [11.

332 178 406 238 τοὶ
437 175 592 247 δεξια
620 177 884 286 φέροντες
911 175 1017 252 τήν
1045 179 1226 256 χεῖρα,
1254 173 1553 255 Αιγύπτιοι
1587 169 1720 233 δὲ’
1681 199 1796 234 απο
1822 176 1942 234 τῶν

334 265 584 335 δεξιῶν’
558 265 650 325 επὶ
683 263 756 325 τοὶ
787 263 1075 342 ἀριστερά·
1118 264 1211 323 καὶ
1240 265 1524 326 ποιεῦντες
1552 266 1748 332 ταῦτα,
1776 260 1942 322 αὐτοὶ

335 354 439 430 μέν
461 357 662 430 φασι’
637 352 728 411 επὶ
749 352 899 422 δεξιοὶ
917 352 1125 412 ποιέειν
1138 350 1428 427 ’Έλληνας
1454 349 1566 409 δὲ’
1541 350 1624 409 επ’
1644 349 1939 427 αριστερά..

338 441 662 551 διφασίοισι
686 441 746 500 δὲ
771 439 1072 522 γράμμασι
1096 441 1385 519 χρέωνται·
1420 439 1512 498 καὶ
1536 437 1609 499 τοὶ
1632 440 1737 517 μὲν
1756 438 1942 499 αὐτῶν

339 528 432 607 ιροὶ
454 556 525 590 τα
551 529 612 588 δὲ
637 527 909 605 δημοτικα
935 528 1210 589 καλέεται.

241 615 318 677 37
418 616 731 693 Θεοσεβέες
772 616 833 675 δὲ
871 620 1158 693 περισσῶς
1199 614 1380 679 ε’όντες
1417 613 1674 692 μάλιστα
1700 602 1943 676 πάντων

336 702 653 782 οἷνθρωπων,
682 703 908 780 νόμοισι
936 703 1205 764 τοιοίσιδε
1230 704 1520 782 χρέωνται.
1589 707 1650 762 ἐκ
1678 704 1942 781 χαλκέων

337 793 615 869 ποτηρίων
654 793 897 862 πίνουσι,
931 791 1299 867 διασμέωντες
1335 789 1440 852 ἄνοὶ
1477 813 1671 850 πασαν
1702 789 1938 867 ἡμέρην,

338 878 439 939 οῦκ
479 879 512 941 ὁ
551 882 656 958 μὲν
687 880 728 942 ὁ
759 878 806 940 δ’
840 878 921 950 οὔ,
956 878 1113 939 αλλοὶ
1146 878 1367 943 πάντες.
1437 879 1637 955 εἵματα
1675 878 1735 938 δὲ
1774 880 1941 939 λίνεα

339 970 614 1047 φορέουσι
638 969 744 1028 αἰεὶ
769 967 1065 1039 νεόπλυτα,
1095 966 1504 1044 ἐπιτηδεύοντες
1526 969 1695 1027 τοῦτο
1724 965 1938 1044 μάλισ-

336 1080 428 1116 τα.
483 1055 557 1117 τά
580 1082 644 1116 τε
669 1057 852 1117 αἰδοῖα
870 1055 1301 1134 περιτάμνονται
1327 1054 1724 1133 καθαριότητος
1743 1056 1938 1116 εἵνεκε·

336 1149 712 1222 προτιμῶντες
748 1144 983 1222 καθαροὶ
1018 1144 1157 1205 εἶναι
1189 1141 1228 1220 ἢ
1267 1141 1716 1221 εὐπρεπέστεροι.
1784 1145 1840 1203 οἱ
1875 1143 1942 1203 δὲ

339 1232 478 1309 ἱρέες
507 1232 794 1309 ξυρεῦνται
817 1236 933 1293 πᾶν
957 1258 1024 1292 το
1055 1235 1222 1311 σῶμα
1249 1230 1342 1292 δια
1372 1232 1563 1309 τρίτης
1589 1230 1817 1309 ἡμέρης,
1846 1231 1941 1293 ἴνα

336 1320 479 1396 μήτε
507 1321 675 1398 φθεὶρ
693 1320 836 1398 μήτε
862 1310 1028 1380 ἄλλο
1039 1319 1297 1397 μυσαρόν
1321 1320 1540 1397 μηδὲν’
1513 1320 1802 1401 εγγίνηταί
1823 1326 1941 1396 σφι

336 1407 707 1485 θεραπεύουσι
751 1434 881 1472 τους
927 1408 1105 1475 θεούς.
1187 1409 1406 1484 ε’σθῆτα
1451 1409 1511 1467 δὲ
1561 1408 1835 1485 φορέουσι
1882 1411 1942 1468 οἶ

342 1497 481 1573 ἱρέες
504 1498 695 1572 λινέην
718 1495 949 1573 μούνην,
972 1497 1066 1557 καὶ
1081 1495 1417 1573 ὖποδήματα
1440 1496 1717 1574 βύβλινα·
1749 1494 1940 1574 ἄλλην

338 1584 401 1644 δέ
430 1590 543 1661 σφι
575 1585 791 1662 ε’σθῆτα
831 1584 931 1644 οὐκ
972 1585 1156 1655 ἔξεστι
1189 1587 1412 1662 λαβεῖν,
1443 1585 1571 1645 οὐδὲ
1602 1584 1942 1667 ὑποδήματα

338 1671 512 1733 ἄλλα.
579 1676 812 1735 λοῦνται
843 1672 904 1732 δὲ
944 1672 1027 1737 δὶς
1060 1677 1164 1749 τῆς
1196 1673 1407 1751 ἧμέρης
1446 1672 1684 1749 ἑκάστης
1724 1677 1939 1754 ψυχρῷ,

338 1761 433 1821 καὶ
468 1760 551 1825 δὶς
584 1759 824 1838 ἑκάστης
857 1760 1068 1825 νυκτός.
1135 1759 1321 1826 ἄλλας
1353 1787 1417 1822 τε
1449 1761 1721 1839 θρησκίας
1760 1765 1942 1822 ἐπιτε-

338 1849 539 1935 λέουσι
582 1849 799 1927 μυρίας,
840 1847 913 1914 ὥς
954 1852 1127 1910 εἰπεῖν
1165 1847 1341 1932 λόγῳ.
1408 1849 1704 1929 πάσχουσι
1743 1849 1803 1909 δὲ
1842 1852 1944 1911 καὶ

338 1935 525 2018 ἀγαθοὶ
551 1936 651 1997 οὔκ
681 1936 871 2019 ὀλίγα·
913 1936 1040 1999 οὔτε
1063 1964 1122 1998 τι
1144 1937 1256 2019 γὰρ
1281 1941 1392 1999 τῶν
1423 1939 1644 2014 οἰκηίων
1667 1939 1943 2016 τρίβουσι

340 2024 467 2086 οὔτε
490 2025 884 2097 δαπανέωνται,
906 2024 1063 2086 οἶλλοὶ
1090 2027 1184 2086 καὶ
1211 2026 1365 2087 σιτία
1392 2028 1509 2103 σφί
1531 2031 1654 2087 ε’στι
1681 2026 1773 2104 ἱρὰ
1797 2052 1943 2087 πεσ-

339 2113 571 2191 σόμενα,
618 2114 712 2174 καὶ
757 2118 928 2194 κρεῶν
972 2115 1158 2191 βοέων
1203 2115 1298 2174 καὶ
1346 2115 1559 2195 χηνέων
1609 2114 1832 2192 πλῆθός
1880 2143 1944 2176 τι

341 2201 556 2283 ἑκάστῳ
581 2204 795 2285 γίνεται
825 2203 1064 2275 πολλὰν,
1089 2202 1302 2280 ἡμέρης
1335 2202 1590 2279 ἑκάστης·
1633 2203 1845 2263 δίδοται
1876 2204 1947 2265 δέ

339 2298 453 2367 σφι
487 2292 579 2351 καὶ
611 2291 761 2356 οἶνος
789 2290 1115 2369 α’μπέλινος.
1183 2290 1386 2369 ἰχθύων
1417 2291 1476 2350 δὲ
1513 2289 1580 2351 οὔ
1605 2296 1719 2367 σφι
1753 2291 1943 2361 ἔξεστι

338 2380 653 2442 πάσασθαι.
741 2380 983 2458 κυάμους
1029 2380 1089 2439 δὲ
1139 2377 1267 2441 οὔτε
1317 2405 1374 2441 τι
1424 2379 1584 2457 μάλα
1637 2381 1944 2455 σπείρουσι

342 2469 638 2550 Αἰγύπτιοι
664 2473 723 2529 ἑν
745 2473 818 2546 τῇ
843 2468 1015 2547 χώρῃ,
1041 2467 1172 2532 τούς
1201 2492 1266 2527 τε
1287 2468 1617 2550 γενομένους
1647 2466 1775 2529 οὔτε
1799 2469 1943 2547 τρῶ-

337 2582 508 2637 γουσι
548 2555 675 2616 οὔτε
716 2557 942 2634 ἕψοντες
980 2556 1299 2618 πατέονται·
1341 2559 1396 2637 οἱ
1431 2556 1492 2615 δὲ
1527 2556 1596 2632 δή
1633 2557 1773 2633 ἱρέες
1811 2555 1944 2617 οὐδὲ

338 2642 589 2720 ὁρέοντες
614 2642 924 2723 ἀνέχονται,
956 2645 1272 2721 νομίζοντες
1303 2642 1369 2703 οὖ
1404 2642 1650 2721 καθαρόν
1674 2669 1773 2720 μιν
1798 2643 1945 2706 εἶναι

338 2729 597 2808 ὄσπριον.
666 2734 850 2808 ἱρᾶται
876 2732 935 2790 δὲ
962 2731 1062 2792 οὐκ
1088 2733 1166 2795 εἷς
1193 2731 1434 2792 ἑκάστου
1461 2735 1573 2792 τῶν
1598 2733 1755 2802 θεῶν,
1781 2730 1944 2793 ἀλλὰ

337 2820 553 2879 πολλοὶ
570 2822 682 2880 τῶν
703 2818 778 2883 εἷς
799 2824 923 2880 ε’στι
943 2818 1258 2900 οἷρχιέρεως·
1286 2820 1454 2881 ἑπεοῖν
1473 2820 1536 2880 δέ
1556 2845 1642 2884 τις
1659 2817 1942 2901 ἀποθάνῃ,

337 2905 538 2968 τούτου
564 2907 597 2968 ὅ
617 2910 756 2970 ’παῖς
780 2907 1255 2969 ἀντικατίσταται.

244 2995 323 3055 38
420 2995 563 3060 Τοῦς
607 2995 669 3071 δὲ
707 2997 851 3070 βοῦς
892 2996 1021 3060 τοῦς
1066 2997 1295 3072 ἔρσενας
1339 3001 1441 3057 τοῦ
1485 2994 1755 3073 Ἐπάφου
1799 2996 1946 3058 εἶναι

337 3082 644 3158 νομίζουσι,
692 3085 787 3142 καὶ
837 3083 1038 3144 τούτου
1092 3084 1272 3144 εἵνεκα
1323 3084 1688 3161 δοκιμάζουσι
1741 3083 1949 3150 αὐτοῦς

341 3167 463 3228 ὧδε·
501 3172 671 3249 τρίχα
699 3169 771 3247 ἦν
810 3173 906 3231 καὶ
944 3173 1078 3248 μίαν
1109 3173 1292 3248 ἴδηται
1332 3177 1610 3234 ἐπεοῦσαν
1648 3175 1950 3251 μέλαιναν,
2018 3232 2024 3237 .

339 3253 406 3314 οὗ
432 3257 676 3332 καθαρὸν
695 3258 835 3317 εἶναι
852 3261 1081 3331 νομίζει.
1140 3260 1353 3332 δίζηται
1373 3262 1433 3322 δὲ
1451 3263 1745 3351 ταῦταςέπὶ
1763 3262 1953 3335 τούτῳ
