2184 3517
216 61 388 115 7-1
400 62 458 126 1]
986 59 1215 110 mm.
1843 63 1877 111 5

220 141 633 201 συνεκδύεται
664 140 759 200 καὶ
788 140 894 217 τήν
923 140 1058 201 αἰδῶ
1090 138 1254 220 γυνή.
1332 138 1513 200 πάλαι
1543 138 1604 200 δὲ
1632 138 1706 200 τιὶ
1731 140 1882 200 καλιὶΙ

230 226 621 305 ἀνθρώποισι
642 226 943 305 ἐξεύρηται,
973 232 1034 287 ἐκ
1058 231 1170 287 τῶν
1193 225 1492 303 μανθάνειν
1512 227 1613 287 δεῖ·
1643 231 1702 287 ἐν
1724 230 1880 287 τοῖσι

235 313 311 373 ἓν
350 314 500 375 τόδε
530 316 673 384 ἐστὶ,
707 315 969 375 σκοπέειν
999 313 1127 375 τινοῖ
1156 314 1230 374 τά
1261 317 1480 373 ἑωυτοῦ·
1522 319 1632 395 ἐγω
1665 314 1726 373 δὲ
1758 313 1876 373 πεί·-

235 402 440 477 θομαι
471 401 684 478 ἐκείνην
711 401 849 462 εἶναι
873 401 1103 461 πασέων
1096 403 1397 508 γυναικιῦιν
1423 402 1753 510 καλλίστην,
1782 401 1882 460 καί

234 512 361 547 σεο
392 488 600 565 δέομαι
631 487 715 565 μή
750 488 976 549 δέεσθαι
1006 484 1280 563 ἀνόμων.ω
1357 486 1429 546 O
1463 489 1569 562 μὲν
1594 486 1665 563 δὴ
1690 489 1871 569 λέγων
1899 489 1936 547 9

235 580 501 636 τοιαῦτα
546 574 886 655 ἀπεμάχετο,
928 574 1213 653 ἀρρωδέων
1254 573 1338 652 μή
1377 599 1435 635 τι
1473 578 1527 634 οἶ
1567 576 1630 645 ἐξ
1670 574 1875 637 αὖτέων

235 665 497 743 γένηται
523 663 721 725 κακόν·
744 690 778 724 ο
760 662 858 723 ’δὲ
883 662 1155 740 ἀμείβετο
1172 660 1433 722 τοῖσδε*
1436 660 1669 738 6θάρσει
1695 662 1868 744 Γύγη·

240 751 350 809 καὶ
386 776 478 826 μη
512 752 703 827 φοβεῦ
741 750 908 832 μήτε
922 752 1035 828 ἐμὲ,
1068 748 1142 814 ὥς
1180 774 1285 810 σεο
1322 750 1494 826 πειριί
1493 774 1664 826 μενον
1693 748 1871 830 λόγον

239 837 442 907 τόνδε,
477 837 624 915 μήτε
656 841 895 918 γυναῖκα
929 837 1035 913 τήν
1075 835 1232 914 ἐμήν,
1263 835 1346 914 μί
1378 861 1436 896 τι
1473 861 1562 897 τοι
1601 837 1665 907 ἐξ
1701 836 1874 915 αὐτῆς

242 925 494 1004 γένηται
517 923 771 1001 βλάβος·
805 923 987 1004 α’ρχην
1004 924 1117 1006 γὰρ
1145 923 1253 1004 ἐγώ
1277 924 1684 1002 μηχανήσομαι
1708 949 1868 995 ουτω,

246 1009 413 1071 ὥστε
448 1011 591 1088 μηδὲ
622 1013 826 1089 μαθεῖν
858 1037 957 1089 μιν
988 1009 1337 1089 ὀφθεῖσαν“
1302 1009 1414 1070 υπό
1451 1014 1575 1071 σεῦ·
1617 1010 1726 1093 ἐγω
1755 1010 1869 1094 γάρ

244 1124 329 1159 σε
357 1103 418 1162 ἐς
443 1098 511 1159 τὰ
540 1099 746 1176 οἴκημα
771 1103 831 1159 ἐν
854 1101 934 1178 τῷ
959 1096 1281 1175 κοιμώμεθα
1299 1097 1505 1159 ὄπισθε
1528 1101 1630 1174 τῆς
1648 1097 1866 1179 ἀνοιγο-

248 1188 434 1263 μένης
460 1184 629 1263 θύρης
653 1186 870 1297 στήσω·
901 1210 1045 1262 μετα
1024 1184 1111 1246 “’δ
1138 1188 1236 1263 ἐμὲ
1256 1183 1566 1245 ἐσελθόντα
1589 1185 1867 1263 παρέσται

254 1274 353 1333 καὶ
393 1272 436 1350 ἦ
475 1272 615 1355 γυνή
654 1299 693 1350 η
735 1272 842 1350 ἐμη
883 1277 940 1337 ἐς
979 1275 1184 1334 κοῖτον.
1208 1276 1492 1383 (κεῖται
1440 1271 1501 1331 δὲ
1546 1271 1728 1354 αγχοῦ
1764 1269 1906 1356 τηςΙ

250 1360 467 1421 ἐσόδου
513 1359 730 1438 θρόνος·
787 1360 879 1421 ἐπὶ
928 1364 1130 1421 τοῦτον
1173 1385 1285 1420 των
1330 1359 1561 1436 ἱματίων
1612 1385 1754 1421 κατα
1808 1361 1868 1422 ἓν

253 1448 503 1509 ἕκαστον
535 1448 841 1508 ἐκδύνουσα
873 1447 1055 1525 θήσει,
1083 1447 1178 1507 καὶ
1213 1446 1332 1508 κατ’
1362 1446 1627 1555 ‘qo-vxesvyv.⁸
1638 1448 1867 1524 πολλὴν

251 1536 488 1613 παρεξει
524 1561 616 1597 τοι
655 1535 992 1612 θεήσασθαι.
1076 1534 1247 1595 ἐπεαν
1281 1535 1341 1595 δὲ
1376 1533 1489 1594 α’πό
1526 1537 1627 1594 τοῦ
1661 1533 1864 1612 θρόνου

254 1624 463 1702 στείχῃ
491 1623 583 1683 ἐπὶ
607 1622 714 1699 τήν
740 1621 902 1701 εὗνήν
927 1621 1070 1683 κατὰ
1098 1622 1275 1684 νώτου
1304 1646 1368 1682 τε
1399 1620 1571 1698 αὗτῆς
1592 1623 1744 1702 γένῃ,
1766 1623 1863 1683 σοὶ

252 1712 476 1786 μελέτω
514 1710 584 1771 τὰ
625 1711 874 1771 ἐνθεῦτεν
913 1710 1052 1774 ὅκως
1090 1708 1177 1786 μή
1217 1734 1289 1770 σε
1333 1707 1531 1790 ὄψεται
1572 1707 1726 1769 ἰόντα
1767 1708 1860 1768 διοὶ

256 1796 518 1875 θυρέων.”
596 1796 667 1857 ‘O
692 1799 797 1874 μὲν
823 1796 910 1873 δή,
940 1795 1012 1861 ὥς
1043 1796 1146 1856 ούκ
1177 1794 1404 1857 ἐδύνατο
1430 1795 1764 1877 διαφυγέειν,
1790 1795 1863 1873 ἦν
1881 1797 1955 1855 10

258 1887 498 1960 ἑτοῖμος·
530 1884 563 1945 6
592 1884 651 1944 δὲ
680 1883 1013 1960 Κανδαύλης
1047 1884 1170 1944 ἐπεὶ
1201 1882 1453 1945 ἐδόκεε
1411 1908 1525 1961 ωρη
1548 1886 1651 1960 τῆς
1676 1885 1862 1961 κοίτης

260 1970 474 2042 εἶναι,”
433 1996 615 2054 ηγαγε
638 1971 739 2033 τόν
758 1970 996 2054 Γύγεα’
968 1996 1025 2035 ες
1048 1970 1117 2032 τὰ
1139 1972 1361 2049 οἴκημα·
1399 1972 1491 2029 καὶ
1516 1996 1660 2048 μετα
1683 1975 1860 2031 ταῦτα

258 2058 454 2118 αυτίκα
472 2063 658 2137 παρῆν
677 2059 770 2119 καὶ
787 2058 825 2135 ή
849 2058 1011 2140 γυνή·
1040 2059 1394 2119 ἐσελθοῦσαν
1412 2057 1472 2117 δὲ
1492 2083 1583 2117 και
1562 2045 1857 2120 τιθεῖσαν

257 2145 329 2205 τοὶ
349 2147 546 2223 εἵματα
573 2145 849 2224 “encta-0⁸
816 2171 848 2206 ο
871 2145 1072 2227 Γύγης·
1108 2170 1179 2209 ως
1197 2145 1257 2205 δὲ
1283 2169 1425 2205 κατα
1443 2144 1618 2205 νώτου
1638 2146 1856 2226 ἐγένετο

262 2233 450 2309 ἰούσης
485 2235 589 2310 τῆς
623 2232 883 2313 γυναικός
917 2237 973 2296 ἐς
1010 2232 1118 2310 τὴν
1152 2234 1359 2308 κοίτην,
1383 2231 1617 2296 υπεκδῦς
1652 2231 1854 2310 ἐχωρεε

261 2322 378 2390 ἔξω·
418 2323 511 2381 καὶ
539 2320 583 2397 ἤ
615 2320 756 2402 γυνή
795 2323 971 2400 ἐπορᾷ
1004 2345 1104 2397 μιν
1134 2318 1367 2390 ἐξιόντα,
1392 2320 1659 2395 μαθουσα
1692 2319 1753 2378 δὲ
1788 2319 1856 2379 r&

259 2408 484 2485 ποιηθὲν
524 2414 585 2468 ἐκ
625 2411 726 2468 τοῦ
762 2406 962 2484 α’νδρὸς
998 2406 1125 2467 οὔτε
1160 2406 1448 2483 άνέβωσεν
1486 2407 1855 2486 αἰσχυνθεῖσα

261 2494 384 2555 οὔτε
432 2495 583 2566 ἔδοξε
632 2496 876 2572 μαθέειν,
924 2499 984 2555 ἐν
1033 2493 1144 2574 νόῳ
1188 2495 1401 2573 ἔχουσα
1446 2492 1710 2554 τίσεσθαι
1752 2492 1855 2554 τόν

261 2582 606 2643 Κανδαύλεα·
648 2582 803 2662 παραὶ
834 2579 948 2664 γὰρ
972 2585 1128 2643 τοῖσι
1155 2581 1411 2652 Λυδοῖσι,
1437 2579 1645 2660 σχεδόν
1669 2581 1730 2640 δὲ
1760 2582 1853 2640 καὶ

259 2670 407 2748 παρὰ
426 2673 582 2731 τοῖσι
613 2668 856 2730 ἄλλοισι
879 2668 1255 2747 βαρβάροισι,
1283 2670 1375 2728 καὶ
1406 2668 1578 2745 ἄνδρα
1607 2668 1853 2746 ὀφθῆναι

259 2756 462 2839 γυμνόν
502 2761 558 2821 ἐς
597 2755 870 2835 αἰσχύνην
907 2755 1163 2836 μεγάλην
1198 2756 1377 2833 φέρει.
1459 2755 1601 2816 Τότε
1636 2758 1742 2833 μὲν
1780 2755 1850 2832 δὴ
1871 2756 1939 2818 11

262 2842 422 2908 οὕτως
456 2842 617 2905 ουδὲν
649 2842 964 2920 δηλωσασα
1001 2842 1247 2922 ησυχίην
1288 2842 1421 2924 εἶχε·
1462 2870 1536 2907 ως
1574 2843 1635 2902 δὲ
1671 2869 1697 2901 τ
1690 2844 1852 2920 μέρη

259 2931 495 3011 τάχιστα
534 2931 801 3043 ἐγεγόνεε,
840 2935 953 2992 τιῦν
993 2931 1244 2990 οἰκετέων
1281 2931 1411 2995 τοῦς
1442 2930 1699 3008 μάλιστα
1734 2930 1848 3007 ὥρα

261 3018 486 3082 πιστοῦς
525 3018 715 3082 ἐόντας
754 3022 928 3098 ἑωυτῇ
969 3018 1220 3094 ἑτοίμους
1253 3018 1623 3095 ποιησαμένη,
1656 3016 1849 3077 ἐκάλεε

259 3106 355 3167 τόν
370 3105 570 3188 Γύγεα·
602 3106 635 3167 6
661 3107 721 3165 δὲ
749 3104 906 3166 οὐδὲν
931 3104 1136 3164 δοκέων
1161 3102 1334 3179 αὐτὴν
1357 3109 1469 3164 τιΐν
1492 3105 1850 3182 πρηχθέντων

266 3192 609 3264 ἐπίστασθαι,
630 3190 775 3269 ἦλθε
794 3189 1147 3266 καλεόμενος·
1177 3187 1339 3249 ἐώθεε
1361 3188 1473 3269 γὰρ
1494 3191 1587 3252 καὶ
1609 3189 1846 3267 πρόσθε,
