<?xml version="1.0" encoding="UTF-8"?>
<!DOCTYPE html PUBLIC "-//W3C//DTD XHTML 1.0 Transitional//EN"
    "http://www.w3.org/TR/xhtml1/DTD/xhtml1-transitional.dtd">
<html xmlns="http://www.w3.org/1999/xhtml" xml:lang="en" lang="en">
 <head>
  <title>
</title>
<meta http-equiv="Content-Type" content="text/html;charset=utf-8" />
  <meta name='ocr-system' content='tesseract 3.04.00' />
  <meta name='ocr-capabilities' content='ocr_page ocr_carea ocr_par ocr_line ocrx_word'/>
</head>
<body>
  <div class='ocr_page' id='page_1' title='image "./herodotus02unkngoog_0344.png"; bbox 0 0 2184 3517; ppageno 0'>
   <div class='ocr_carea' id='block_1_1' title="bbox 190 102 1975 3328">
    <p class='ocr_par' dir='ltr' id='par_1_1' title="bbox 190 102 1975 3328">
     <span class='ocr_line' id='line_1_1' title="bbox 284 102 1892 169; baseline 0.001 -18"><span class='ocrx_word' id='word_1_1' title='bbox 284 102 383 151; x_wconf 74' lang='lat'>324</span> <span class='ocrx_word' id='word_1_2' title='bbox 899 102 1267 153; x_wconf 77' lang='grc' dir='ltr'>ἮΡοΔοίῸϊ</span> <span class='ocrx_word' id='word_1_3' title='bbox 1761 103 1892 169; x_wconf 85' lang='lat' dir='ltr'><strong>[IV.</strong></span> 
     </span>
     <span class='ocr_line' id='line_1_2' title="bbox 281 178 1900 261; baseline 0.001 -20"><span class='ocrx_word' id='word_1_4' title='bbox 281 182 496 242; x_wconf 81' lang='grc' dir='ltr'>πλοίων</span> <span class='ocrx_word' id='word_1_5' title='bbox 526 183 585 240; x_wconf 81' lang='grc' dir='ltr'>αἶ</span> <span class='ocrx_word' id='word_1_6' title='bbox 623 178 943 257; x_wconf 81' lang='grc' dir='ltr'>Ἀμαζόνες,</span> <span class='ocrx_word' id='word_1_7' title='bbox 973 181 1310 260; x_wconf 81' lang='grc' dir='ltr'>ὦδοιπόρεον</span> <span class='ocrx_word' id='word_1_8' title='bbox 1342 186 1398 246; x_wconf 89' lang='grc' dir='ltr'>ἐς</span> <span class='ocrx_word' id='word_1_9' title='bbox 1420 181 1527 257; x_wconf 77' lang='grc' dir='ltr'>τήν</span> <span class='ocrx_word' id='word_1_10' title='bbox 1551 186 1900 261; x_wconf 81' lang='grc' dir='ltr'>οἰκεομένην·</span> 
     </span>
     <span class='ocr_line' id='line_1_3' title="bbox 282 268 1899 349; baseline 0.002 -21"><span class='ocrx_word' id='word_1_11' title='bbox 282 272 617 347; x_wconf 80' lang='grc' dir='ltr'>ἐντυχοῦσαι</span> <span class='ocrx_word' id='word_1_12' title='bbox 642 268 702 327; x_wconf 79' lang='grc' dir='ltr'>δὲ</span> <span class='ocrx_word' id='word_1_13' title='bbox 728 268 925 347; x_wconf 76' lang='grc' dir='ltr'>πρώτῳ</span> <span class='ocrx_word' id='word_1_14' title='bbox 954 271 1342 349; x_wconf 77' lang='grc' dir='ltr'>ἱπποφορβίῳ,</span> <span class='ocrx_word' id='word_1_15' title='bbox 1359 275 1529 330; x_wconf 80' lang='grc' dir='ltr'>τοῦτο</span> <span class='ocrx_word' id='word_1_16' title='bbox 1556 270 1899 347; x_wconf 86' lang='grc' dir='ltr'>διήρπασαν,</span> 
     </span>
     <span class='ocr_line' id='line_1_4' title="bbox 284 355 1901 434; baseline 0.002 -18"><span class='ocrx_word' id='word_1_17' title='bbox 284 358 377 416; x_wconf 71' lang='grc' dir='ltr'>καὶ</span> <span class='ocrx_word' id='word_1_18' title='bbox 411 357 503 416; x_wconf 82' lang='grc' dir='ltr'>ἐπὶ</span> <span class='ocrx_word' id='word_1_19' title='bbox 541 355 748 416; x_wconf 85' lang='grc' dir='ltr'>τούτων</span> <span class='ocrx_word' id='word_1_20' title='bbox 777 357 1162 432; x_wconf 80' lang='grc' dir='ltr'>ἱππαζόμεναι,</span> <span class='ocrx_word' id='word_1_21' title='bbox 1192 359 1481 434; x_wconf 82' lang='grc' dir='ltr'>ἐληίζοντο</span> <span class='ocrx_word' id='word_1_22' title='bbox 1505 359 1579 418; x_wconf 72' lang='grc' dir='ltr'>τὰ</span> <span class='ocrx_word' id='word_1_23' title='bbox 1618 364 1730 419; x_wconf 80' lang='grc' dir='ltr'>τῶν</span> <span class='ocrx_word' id='word_1_24' title='bbox 1757 361 1901 423; x_wconf 81' lang='grc' dir='ltr'>Σκυ-</span> 
     </span>
     <span class='ocr_line' id='line_1_5' title="bbox 190 443 1900 525; baseline 0.004 -22"><span class='ocrx_word' id='word_1_25' title='bbox 190 446 302 506; x_wconf 92' lang='lat' dir='ltr'>lll</span> <span class='ocrx_word' id='word_1_26' title='bbox 327 446 487 505; x_wconf 88' lang='grc' dir='ltr'>θέων.</span> <span class='ocrx_word' id='word_1_27' title='bbox 571 446 647 503; x_wconf 78' lang='grc' dir='ltr'>Οἱ</span> <span class='ocrx_word' id='word_1_28' title='bbox 688 444 746 503; x_wconf 85' lang='grc' dir='ltr'>δὲ</span> <span class='ocrx_word' id='word_1_29' title='bbox 788 443 1001 509; x_wconf 77' lang='grc' dir='ltr'>Σκύθαι</span> <span class='ocrx_word' id='word_1_30' title='bbox 1043 444 1145 504; x_wconf 78' lang='grc' dir='ltr'>οὔκ</span> <span class='ocrx_word' id='word_1_31' title='bbox 1189 446 1342 525; x_wconf 83' lang='grc' dir='ltr'>εἶχον</span> <span class='ocrx_word' id='word_1_32' title='bbox 1382 447 1796 523; x_wconf 80' lang='grc' dir='ltr'>συμβαλέσθαι</span> <span class='ocrx_word' id='word_1_33' title='bbox 1825 448 1900 509; x_wconf 76' lang='grc' dir='ltr'>τὸ</span> 
     </span>
     <span class='ocr_line' id='line_1_6' title="bbox 283 530 1902 614; baseline 0.004 -23"><span class='ocrx_word' id='word_1_34' title='bbox 283 537 544 614; x_wconf 82' lang='grc' dir='ltr'>πρῆγμα·</span> <span class='ocrx_word' id='word_1_35' title='bbox 573 531 698 592; x_wconf 78' lang='grc' dir='ltr'>οὔτε</span> <span class='ocrx_word' id='word_1_36' title='bbox 724 530 836 613; x_wconf 77' lang='grc' dir='ltr'>γοὶρ</span> <span class='ocrx_word' id='word_1_37' title='bbox 864 531 1075 608; x_wconf 69' lang='grc' dir='ltr'>φωνήν,</span> <span class='ocrx_word' id='word_1_38' title='bbox 1094 532 1222 593; x_wconf 77' lang='grc' dir='ltr'>οὔτε</span> <span class='ocrx_word' id='word_1_39' title='bbox 1249 534 1482 609; x_wconf 85' lang='grc' dir='ltr'>ἐσθῆτα,</span> <span class='ocrx_word' id='word_1_40' title='bbox 1501 534 1628 595; x_wconf 81' lang='grc' dir='ltr'>οὔτε</span> <span class='ocrx_word' id='word_1_41' title='bbox 1654 535 1720 595; x_wconf 76' lang='grc' dir='ltr'>τό</span> <span class='ocrx_word' id='word_1_42' title='bbox 1742 536 1902 600; x_wconf 82' lang='grc' dir='ltr'>ἔθνος</span> 
     </span>
     <span class='ocr_line' id='line_1_7' title="bbox 283 618 1899 701; baseline 0.003 -22"><span class='ocrx_word' id='word_1_43' title='bbox 283 621 604 701; x_wconf 79' lang='grc' dir='ltr'>ἐγίνωσκον,</span> <span class='ocrx_word' id='word_1_44' title='bbox 652 619 783 678; x_wconf 78' lang='grc' dir='ltr'>ἀλλ’</span> <span class='ocrx_word' id='word_1_45' title='bbox 827 624 885 679; x_wconf 87' lang='grc' dir='ltr'>ἐν</span> <span class='ocrx_word' id='word_1_46' title='bbox 939 618 1154 696; x_wconf 75' lang='grc' dir='ltr'>θώματι</span> <span class='ocrx_word' id='word_1_47' title='bbox 1206 619 1359 696; x_wconf 85' lang='grc' dir='ltr'>ἦσαν</span> <span class='ocrx_word' id='word_1_48' title='bbox 1410 620 1609 682; x_wconf 79' lang='grc' dir='ltr'>ὁκόθεν</span> <span class='ocrx_word' id='word_1_49' title='bbox 1658 623 1899 684; x_wconf 82' lang='grc' dir='ltr'>ἔλθοιεν·</span> 
     </span>
     <span class='ocr_line' id='line_1_8' title="bbox 285 704 1901 786; baseline 0.002 -19"><span class='ocrx_word' id='word_1_50' title='bbox 285 707 504 768; x_wconf 87' lang='grc' dir='ltr'>ἐδόκεον</span> <span class='ocrx_word' id='word_1_51' title='bbox 550 705 595 767; x_wconf 78' lang='grc' dir='ltr'>δ’</span> <span class='ocrx_word' id='word_1_52' title='bbox 644 704 815 771; x_wconf 52' lang='lat' dir='ltr'>adstote</span> <span class='ocrx_word' id='word_1_53' title='bbox 859 708 999 768; x_wconf 83' lang='grc' dir='ltr'>εἶναι</span> <span class='ocrx_word' id='word_1_54' title='bbox 1047 706 1250 786; x_wconf 78' lang='grc' dir='ltr'>ἄνδρας</span> <span class='ocrx_word' id='word_1_55' title='bbox 1294 708 1399 785; x_wconf 76' lang='grc' dir='ltr'>τήν</span> <span class='ocrx_word' id='word_1_56' title='bbox 1445 708 1619 785; x_wconf 74' lang='grc' dir='ltr'>αὐτὴν</span> <span class='ocrx_word' id='word_1_57' title='bbox 1669 709 1901 786; x_wconf 84' lang='grc' dir='ltr'>ἤλικίην</span> 
     </span>
     <span class='ocr_line' id='line_1_9' title="bbox 281 794 1900 875; baseline 0.002 -21"><span class='ocrx_word' id='word_1_58' title='bbox 281 796 527 875; x_wconf 80' lang='grc' dir='ltr'>ἔχοντας,</span> <span class='ocrx_word' id='word_1_59' title='bbox 555 794 745 874; x_wconf 78' lang='grc' dir='ltr'>μάχην</span> <span class='ocrx_word' id='word_1_60' title='bbox 784 821 847 857; x_wconf 87' lang='grc' dir='ltr'>τε</span> <span class='ocrx_word' id='word_1_61' title='bbox 888 796 958 871; x_wconf 76' lang='grc' dir='ltr'>δὴ</span> <span class='ocrx_word' id='word_1_62' title='bbox 999 795 1142 874; x_wconf 69' lang='grc' dir='ltr'>πρὸς</span> <span class='ocrx_word' id='word_1_63' title='bbox 1180 796 1351 861; x_wconf 78' lang='grc' dir='ltr'>αὖτοῖς</span> <span class='ocrx_word' id='word_1_64' title='bbox 1392 801 1695 858; x_wconf 71' lang='grc' dir='ltr'>ἐποιεῦντο·</span> <span class='ocrx_word' id='word_1_65' title='bbox 1739 803 1799 858; x_wconf 93' lang='grc' dir='ltr'>ἐκ</span> <span class='ocrx_word' id='word_1_66' title='bbox 1833 799 1900 859; x_wconf 81' lang='grc' dir='ltr'>δὲ</span> 
     </span>
     <span class='ocr_line' id='line_1_10' title="bbox 285 883 1975 963; baseline 0.002 -20"><span class='ocrx_word' id='word_1_67' title='bbox 285 888 388 960; x_wconf 81' lang='grc' dir='ltr'>τῆς</span> <span class='ocrx_word' id='word_1_68' title='bbox 428 883 617 963; x_wconf 81' lang='grc' dir='ltr'>μάχης</span> <span class='ocrx_word' id='word_1_69' title='bbox 658 889 792 944; x_wconf 53' lang='grc' dir='ltr'>τῶνν</span> <span class='ocrx_word' id='word_1_70' title='bbox 814 888 1021 962; x_wconf 77' lang='grc' dir='ltr'>νεκρῶν</span> <span class='ocrx_word' id='word_1_71' title='bbox 1062 884 1381 962; x_wconf 82' lang='grc' dir='ltr'>ἐκράτησαν</span> <span class='ocrx_word' id='word_1_72' title='bbox 1422 888 1477 945; x_wconf 79' lang='grc' dir='ltr'>οἱ</span> <span class='ocrx_word' id='word_1_73' title='bbox 1525 884 1754 956; x_wconf 82' lang='grc' dir='ltr'>Σκύθαι,</span> <span class='ocrx_word' id='word_1_74' title='bbox 1799 887 1899 946; x_wconf 85' lang='grc' dir='ltr'>καὶ</span> <span class='ocrx_word' id='word_1_75' title='bbox 1968 945 1975 949; x_wconf 76' lang='grc'>,</span> 
     </span>
     <span class='ocr_line' id='line_1_11' title="bbox 285 971 1900 1054; baseline 0.002 -22"><span class='ocrx_word' id='word_1_76' title='bbox 285 971 429 1034; x_wconf 79' lang='grc' dir='ltr'>οὕτω</span> <span class='ocrx_word' id='word_1_77' title='bbox 464 973 713 1054; x_wconf 80' lang='grc' dir='ltr'>ἔγνωσαν</span> <span class='ocrx_word' id='word_1_78' title='bbox 744 971 946 1035; x_wconf 78' lang='grc' dir='ltr'>ἐούσας</span> <span class='ocrx_word' id='word_1_79' title='bbox 979 976 1265 1053; x_wconf 79' lang='grc' dir='ltr'>γυναῖκας·</span> <span class='ocrx_word' id='word_1_80' title='bbox 1306 974 1778 1050; x_wconf 88' lang='grc' dir='ltr'>βουλευομένοισι</span> <span class='ocrx_word' id='word_1_81' title='bbox 1816 974 1900 1036; x_wconf 80' lang='grc' dir='ltr'>ὧν</span> 
     </span>
     <span class='ocr_line' id='line_1_12' title="bbox 284 1058 1898 1141; baseline 0.004 -23"><span class='ocrx_word' id='word_1_82' title='bbox 284 1058 507 1121; x_wconf 71' lang='grc' dir='ltr'>αὐτοῖσι</span> <span class='ocrx_word' id='word_1_83' title='bbox 547 1060 700 1129; x_wconf 78' lang='grc' dir='ltr'>ἔδοξε</span> <span class='ocrx_word' id='word_1_84' title='bbox 740 1060 968 1120; x_wconf 83' lang='grc' dir='ltr'>κτείνειν</span> <span class='ocrx_word' id='word_1_85' title='bbox 1006 1063 1112 1137; x_wconf 77' lang='grc' dir='ltr'>μὲν</span> <span class='ocrx_word' id='word_1_86' title='bbox 1151 1060 1332 1121; x_wconf 76' lang='grc' dir='ltr'>οὐδενὶ</span> <span class='ocrx_word' id='word_1_87' title='bbox 1369 1061 1559 1141; x_wconf 75' lang='grc' dir='ltr'>τρόπῳ</span> <span class='ocrx_word' id='word_1_88' title='bbox 1590 1062 1670 1121; x_wconf 86' lang='grc' dir='ltr'>ἔτι</span> <span class='ocrx_word' id='word_1_89' title='bbox 1702 1061 1898 1134; x_wconf 68' lang='grc' dir='ltr'>αὐτὰς,</span> 
     </span>
     <span class='ocr_line' id='line_1_13' title="bbox 287 1146 1897 1227; baseline 0.004 -21"><span class='ocrx_word' id='word_1_90' title='bbox 287 1150 497 1209; x_wconf 79' lang='grc' dir='ltr'>ἐωυτῶν</span> <span class='ocrx_word' id='word_1_91' title='bbox 550 1147 610 1207; x_wconf 84' lang='grc' dir='ltr'>δὲ</span> <span class='ocrx_word' id='word_1_92' title='bbox 659 1146 793 1210; x_wconf 78' lang='grc' dir='ltr'>τοῦς</span> <span class='ocrx_word' id='word_1_93' title='bbox 844 1146 1148 1212; x_wconf 77' lang='grc' dir='ltr'>νεωτάτους</span> <span class='ocrx_word' id='word_1_94' title='bbox 1201 1148 1542 1227; x_wconf 71' lang='grc' dir='ltr'>ἀποπέμψαι</span> <span class='ocrx_word' id='word_1_95' title='bbox 1591 1154 1650 1213; x_wconf 87' lang='grc' dir='ltr'>ἐς</span> <span class='ocrx_word' id='word_1_96' title='bbox 1699 1149 1897 1222; x_wconf 74' lang='grc' dir='ltr'>αὐτοῖς,</span> 
     </span>
     <span class='ocr_line' id='line_1_14' title="bbox 282 1234 1902 1313; baseline 0.004 -20"><span class='ocrx_word' id='word_1_97' title='bbox 282 1236 503 1311; x_wconf 86' lang='grc' dir='ltr'>πλῆθος</span> <span class='ocrx_word' id='word_1_98' title='bbox 530 1234 861 1298; x_wconf 77' lang='grc' dir='ltr'>εἰκάσαντας</span> <span class='ocrx_word' id='word_1_99' title='bbox 886 1234 1129 1313; x_wconf 84' lang='grc' dir='ltr'>ὅσαιπερ</span> <span class='ocrx_word' id='word_1_100' title='bbox 1155 1241 1358 1298; x_wconf 84' lang='grc' dir='ltr'>ἐκεῖναι</span> <span class='ocrx_word' id='word_1_101' title='bbox 1382 1235 1550 1313; x_wconf 85' lang='grc' dir='ltr'>ἦσαν,</span> <span class='ocrx_word' id='word_1_102' title='bbox 1575 1237 1805 1301; x_wconf 77' lang='grc' dir='ltr'>τούτους</span> <span class='ocrx_word' id='word_1_103' title='bbox 1830 1240 1902 1299; x_wconf 75' lang='grc' dir='ltr'>δὲ</span> 
     </span>
     <span class='ocr_line' id='line_1_15' title="bbox 283 1322 1898 1400; baseline 0.002 -18"><span class='ocrx_word' id='word_1_104' title='bbox 283 1322 831 1400; x_wconf 81' lang='grc' dir='ltr'>στρατοπεδεύεσθαι</span> <span class='ocrx_word' id='word_1_105' title='bbox 854 1324 1105 1398; x_wconf 84' lang='grc' dir='ltr'>πλησίον</span> <span class='ocrx_word' id='word_1_106' title='bbox 1131 1326 1391 1395; x_wconf 84' lang='grc' dir='ltr'>ἐκεινέων,</span> <span class='ocrx_word' id='word_1_107' title='bbox 1420 1327 1513 1384; x_wconf 85' lang='grc' dir='ltr'>καὶ</span> <span class='ocrx_word' id='word_1_108' title='bbox 1551 1326 1758 1385; x_wconf 78' lang='grc' dir='ltr'>ποιέειν</span> <span class='ocrx_word' id='word_1_109' title='bbox 1793 1327 1898 1386; x_wconf 78' lang='grc' dir='ltr'>τά·</span> 
     </span>
     <span class='ocr_line' id='line_1_16' title="bbox 281 1408 1893 1488; baseline 0.001 -18"><span class='ocrx_word' id='word_1_110' title='bbox 281 1436 388 1487; x_wconf 90' lang='grc' dir='ltr'>περ</span> <span class='ocrx_word' id='word_1_111' title='bbox 431 1408 501 1470; x_wconf 76' lang='grc' dir='ltr'>ἂν</span> <span class='ocrx_word' id='word_1_112' title='bbox 543 1412 636 1470; x_wconf 85' lang='grc' dir='ltr'>καὶ</span> <span class='ocrx_word' id='word_1_113' title='bbox 677 1414 878 1471; x_wconf 85' lang='grc' dir='ltr'>ἐκεῖναι</span> <span class='ocrx_word' id='word_1_114' title='bbox 904 1412 1157 1472; x_wconf 84' lang='grc' dir='ltr'>ποιέωσι·</span> <span class='ocrx_word' id='word_1_115' title='bbox 1197 1410 1268 1488; x_wconf 84' lang='grc' dir='ltr'>ἢν</span> <span class='ocrx_word' id='word_1_116' title='bbox 1309 1413 1369 1472; x_wconf 80' lang='grc' dir='ltr'>δὲ</span> <span class='ocrx_word' id='word_1_117' title='bbox 1399 1412 1598 1477; x_wconf 66' lang='grc' dir='ltr'>αὐτοῦς</span> <span class='ocrx_word' id='word_1_118' title='bbox 1631 1413 1893 1488; x_wconf 76' lang='grc' dir='ltr'>διώκωσι,</span> 
     </span>
     <span class='ocr_line' id='line_1_17' title="bbox 283 1498 1898 1581; baseline 0.004 -25"><span class='ocrx_word' id='word_1_119' title='bbox 283 1498 573 1576; x_wconf 80' lang='grc' dir='ltr'>μάχεσθαι</span> <span class='ocrx_word' id='word_1_120' title='bbox 600 1501 704 1575; x_wconf 81' lang='grc' dir='ltr'>μὲν</span> <span class='ocrx_word' id='word_1_121' title='bbox 729 1498 829 1575; x_wconf 81' lang='grc' dir='ltr'>μή,</span> <span class='ocrx_word' id='word_1_122' title='bbox 858 1498 1199 1581; x_wconf 69' lang='grc' dir='ltr'>ὑποφεύγειν</span> <span class='ocrx_word' id='word_1_123' title='bbox 1223 1501 1302 1561; x_wconf 88' lang='grc' dir='ltr'>δέ·</span> <span class='ocrx_word' id='word_1_124' title='bbox 1344 1500 1513 1562; x_wconf 69' lang='grc' dir='ltr'>ἐπεοῖν</span> <span class='ocrx_word' id='word_1_125' title='bbox 1539 1501 1599 1561; x_wconf 76' lang='grc' dir='ltr'>δὲ</span> <span class='ocrx_word' id='word_1_126' title='bbox 1634 1502 1898 1563; x_wconf 77' lang='grc' dir='ltr'>παύσων-</span> 
     </span>
     <span class='ocr_line' id='line_1_18' title="bbox 282 1583 1896 1666; baseline 0.003 -21"><span class='ocrx_word' id='word_1_127' title='bbox 282 1609 391 1655; x_wconf 87' lang='grc' dir='ltr'>ται,</span> <span class='ocrx_word' id='word_1_128' title='bbox 449 1583 720 1648; x_wconf 84' lang='grc' dir='ltr'>ἐλθόντας</span> <span class='ocrx_word' id='word_1_129' title='bbox 771 1585 972 1651; x_wconf 76' lang='grc' dir='ltr'>αὐτοῦς</span> <span class='ocrx_word' id='word_1_130' title='bbox 1024 1588 1275 1664; x_wconf 87' lang='grc' dir='ltr'>πλησίον</span> <span class='ocrx_word' id='word_1_131' title='bbox 1320 1587 1896 1666; x_wconf 79' lang='grc' dir='ltr'>στρατοπεδεύεσθαι.</span> 
     </span>
     <span class='ocr_line' id='line_1_19' title="bbox 282 1673 1900 1753; baseline 0.004 -19"><span class='ocrx_word' id='word_1_132' title='bbox 282 1677 460 1734; x_wconf 83' lang='grc' dir='ltr'>ταῦτα</span> <span class='ocrx_word' id='word_1_133' title='bbox 481 1673 900 1750; x_wconf 85' lang='grc' dir='ltr'>ἐβουλεύσαντο</span> <span class='ocrx_word' id='word_1_134' title='bbox 922 1679 975 1736; x_wconf 80' lang='grc' dir='ltr'>οἱ</span> <span class='ocrx_word' id='word_1_135' title='bbox 997 1675 1225 1747; x_wconf 81' lang='grc' dir='ltr'>Σκύθαι,</span> <span class='ocrx_word' id='word_1_136' title='bbox 1240 1676 1585 1753; x_wconf 88' lang='grc' dir='ltr'>βουλόμενοι</span> <span class='ocrx_word' id='word_1_137' title='bbox 1604 1678 1666 1747; x_wconf 75' lang='grc' dir='ltr'>ἐξ</span> <span class='ocrx_word' id='word_1_138' title='bbox 1683 1676 1900 1740; x_wconf 76' lang='grc' dir='ltr'>αὐτέων</span> 
     </span>
     <span class='ocr_line' id='line_1_20' title="bbox 192 1762 1899 1845; baseline 0.003 -23"><span class='ocrx_word' id='word_1_139' title='bbox 192 1767 219 1822; x_wconf 88' lang='lat' dir='ltr'>l</span> <span class='ocrx_word' id='word_1_140' title='bbox 235 1765 307 1822; x_wconf 85' lang='grc'>12</span> <span class='ocrx_word' id='word_1_141' title='bbox 325 1762 528 1827; x_wconf 86' lang='grc' dir='ltr'>παῖδας</span> <span class='ocrx_word' id='word_1_142' title='bbox 554 1763 973 1845; x_wconf 81' lang='grc' dir='ltr'>ἐγγενήσεσθαι.</span> <span class='ocrx_word' id='word_1_143' title='bbox 1058 1763 1555 1842; x_wconf 85' lang='grc' dir='ltr'>Ἀποπεμφθέντες</span> <span class='ocrx_word' id='word_1_144' title='bbox 1586 1765 1645 1825; x_wconf 82' lang='grc' dir='ltr'>δὲ</span> <span class='ocrx_word' id='word_1_145' title='bbox 1680 1769 1734 1825; x_wconf 83' lang='grc' dir='ltr'>οἱ</span> <span class='ocrx_word' id='word_1_146' title='bbox 1768 1792 1899 1843; x_wconf 85' lang='grc' dir='ltr'>νεη-</span> 
     </span>
     <span class='ocr_line' id='line_1_21' title="bbox 284 1851 1897 1930; baseline 0.002 -19"><span class='ocrx_word' id='word_1_147' title='bbox 284 1852 485 1922; x_wconf 87' lang='grc' dir='ltr'>νίσκοι,</span> <span class='ocrx_word' id='word_1_148' title='bbox 514 1851 733 1911; x_wconf 89' lang='grc' dir='ltr'>ἐποίευν</span> <span class='ocrx_word' id='word_1_149' title='bbox 771 1852 844 1911; x_wconf 81' lang='grc' dir='ltr'>τοὶ</span> <span class='ocrx_word' id='word_1_150' title='bbox 881 1853 1271 1929; x_wconf 76' lang='grc' dir='ltr'>ἐντεταλμένα·</span> <span class='ocrx_word' id='word_1_151' title='bbox 1315 1854 1434 1912; x_wconf 84' lang='grc' dir='ltr'>ἐπεὶ</span> <span class='ocrx_word' id='word_1_152' title='bbox 1471 1853 1531 1912; x_wconf 79' lang='grc' dir='ltr'>δὲ</span> <span class='ocrx_word' id='word_1_153' title='bbox 1562 1854 1771 1930; x_wconf 81' lang='grc' dir='ltr'>ἔμαθον</span> <span class='ocrx_word' id='word_1_154' title='bbox 1794 1854 1897 1914; x_wconf 79' lang='grc' dir='ltr'>αὖ·</span> 
     </span>
     <span class='ocr_line' id='line_1_22' title="bbox 282 1937 1895 2022; baseline 0.001 -23"><span class='ocrx_word' id='word_1_155' title='bbox 282 1938 415 2002; x_wconf 77' lang='grc' dir='ltr'>τούς</span> <span class='ocrx_word' id='word_1_156' title='bbox 442 1942 500 1998; x_wconf 84' lang='grc' dir='ltr'>αἶ</span> <span class='ocrx_word' id='word_1_157' title='bbox 538 1937 840 2015; x_wconf 85' lang='grc' dir='ltr'>Ἀμαζόνες</span> <span class='ocrx_word' id='word_1_158' title='bbox 876 1939 961 1999; x_wconf 85' lang='grc' dir='ltr'>ἐπ’</span> <span class='ocrx_word' id='word_1_159' title='bbox 994 1939 1223 2020; x_wconf 75' lang='grc' dir='ltr'>οὐδεμιῇ</span> <span class='ocrx_word' id='word_1_160' title='bbox 1257 1940 1496 2018; x_wconf 85' lang='grc' dir='ltr'>δηλήσει</span> <span class='ocrx_word' id='word_1_161' title='bbox 1533 1940 1895 2022; x_wconf 79' lang='grc' dir='ltr'>ἀπιγμένους,</span> 
     </span>
     <span class='ocr_line' id='line_1_23' title="bbox 287 2028 1896 2109; baseline 0.002 -23"><span class='ocrx_word' id='word_1_162' title='bbox 287 2028 386 2087; x_wconf 81' lang='grc' dir='ltr'>ἔων</span> <span class='ocrx_word' id='word_1_163' title='bbox 419 2028 654 2106; x_wconf 87' lang='grc' dir='ltr'>χαίρειν·</span> <span class='ocrx_word' id='word_1_164' title='bbox 694 2031 1089 2109; x_wconf 82' lang='grc' dir='ltr'>προσεχώρεον</span> <span class='ocrx_word' id='word_1_165' title='bbox 1127 2029 1187 2089; x_wconf 82' lang='grc' dir='ltr'>δὲ</span> <span class='ocrx_word' id='word_1_166' title='bbox 1211 2030 1595 2107; x_wconf 83' lang='grc' dir='ltr'>πλησιαιτέρω</span> <span class='ocrx_word' id='word_1_167' title='bbox 1619 2029 1686 2090; x_wconf 77' lang='grc' dir='ltr'>τὰ</span> <span class='ocrx_word' id='word_1_168' title='bbox 1716 2055 1896 2107; x_wconf 84' lang='grc' dir='ltr'>στρα-</span> 
     </span>
     <span class='ocr_line' id='line_1_24' title="bbox 284 2115 1899 2228; baseline 0.001 -52"><span class='ocrx_word' id='word_1_169' title='bbox 284 2115 520 2177; x_wconf 87' lang='grc' dir='ltr'>τόπεδον</span> <span class='ocrx_word' id='word_1_170' title='bbox 549 2119 628 2195; x_wconf 73' lang='grc' dir='ltr'>τῷ</span> <span class='ocrx_word' id='word_1_171' title='bbox 645 2118 1060 2228; x_wconf 46' lang='grc' dir='ltr'>στρατοπέδῳ·ν</span> <span class='ocrx_word' id='word_1_172' title='bbox 1055 2117 1141 2177; x_wconf 85' lang='grc' dir='ltr'>ἐπ’</span> <span class='ocrx_word' id='word_1_173' title='bbox 1164 2117 1347 2195; x_wconf 75' lang='grc' dir='ltr'>ἡμέρῃ</span> <span class='ocrx_word' id='word_1_174' title='bbox 1374 2116 1605 2196; x_wconf 82' lang='grc' dir='ltr'>ἑκάστῃ·</span> <span class='ocrx_word' id='word_1_175' title='bbox 1649 2116 1803 2197; x_wconf 80' lang='grc' dir='ltr'>εἶχον</span> <span class='ocrx_word' id='word_1_176' title='bbox 1829 2118 1899 2178; x_wconf 83' lang='grc' dir='ltr'>δὲ</span> 
     </span>
     <span class='ocr_line' id='line_1_25' title="bbox 287 2203 1900 2283; baseline 0.001 -19"><span class='ocrx_word' id='word_1_177' title='bbox 287 2203 443 2264; x_wconf 75' lang='grc' dir='ltr'>οὐδὲν</span> <span class='ocrx_word' id='word_1_178' title='bbox 470 2203 583 2263; x_wconf 81' lang='grc' dir='ltr'>ουδ’</span> <span class='ocrx_word' id='word_1_179' title='bbox 610 2231 665 2264; x_wconf 95' lang='grc' dir='ltr'>οι</span> <span class='ocrx_word' id='word_1_180' title='bbox 690 2206 988 2281; x_wconf 88' lang='grc' dir='ltr'>νεηνίσκοι,</span> <span class='ocrx_word' id='word_1_181' title='bbox 1017 2204 1210 2283; x_wconf 79' lang='grc' dir='ltr'>ὥσπερ</span> <span class='ocrx_word' id='word_1_182' title='bbox 1239 2204 1365 2265; x_wconf 75' lang='grc' dir='ltr'>οὐδὲ</span> <span class='ocrx_word' id='word_1_183' title='bbox 1396 2231 1456 2266; x_wconf 92' lang='grc' dir='ltr'>αι</span> <span class='ocrx_word' id='word_1_184' title='bbox 1492 2204 1812 2283; x_wconf 80' lang='grc' dir='ltr'>Ἀμαζόνες,</span> <span class='ocrx_word' id='word_1_185' title='bbox 1843 2211 1900 2266; x_wconf 82' lang='grc' dir='ltr'>εἰ</span> 
     </span>
     <span class='ocr_line' id='line_1_26' title="bbox 285 2292 1900 2369; baseline 0.001 -17"><span class='ocrx_word' id='word_1_186' title='bbox 285 2293 367 2368; x_wconf 82' lang='grc' dir='ltr'><em>μή</em></span> <span class='ocrx_word' id='word_1_187' title='bbox 395 2292 468 2353; x_wconf 77' lang='grc' dir='ltr'>τὰ</span> <span class='ocrx_word' id='word_1_188' title='bbox 495 2293 650 2353; x_wconf 83' lang='grc' dir='ltr'>ὅπλα</span> <span class='ocrx_word' id='word_1_189' title='bbox 676 2293 768 2352; x_wconf 86' lang='grc' dir='ltr'>καὶ</span> <span class='ocrx_word' id='word_1_190' title='bbox 792 2319 924 2357; x_wconf 82' lang='grc' dir='ltr'>τους</span> <span class='ocrx_word' id='word_1_191' title='bbox 951 2294 1172 2357; x_wconf 84' lang='grc' dir='ltr'>ἵππους·</span> <span class='ocrx_word' id='word_1_192' title='bbox 1213 2292 1371 2352; x_wconf 73' lang='grc' dir='ltr'>ἀλλὰ</span> <span class='ocrx_word' id='word_1_193' title='bbox 1410 2292 1544 2369; x_wconf 83' lang='grc' dir='ltr'>ζόην</span> <span class='ocrx_word' id='word_1_194' title='bbox 1586 2294 1751 2364; x_wconf 82' lang='grc' dir='ltr'>ἔζωον</span> <span class='ocrx_word' id='word_1_195' title='bbox 1784 2292 1900 2368; x_wconf 77' lang='grc' dir='ltr'>τήν</span> 
     </span>
     <span class='ocr_line' id='line_1_27' title="bbox 195 2379 1896 2461; baseline 0.001 -24"><span class='ocrx_word' id='word_1_196' title='bbox 195 2381 222 2436; x_wconf 92' lang='lat'>1</span> <span class='ocrx_word' id='word_1_197' title='bbox 234 2382 306 2439; x_wconf 86' lang='lat'>13</span> <span class='ocrx_word' id='word_1_198' title='bbox 327 2379 503 2457; x_wconf 74' lang='grc' dir='ltr'>αὐτὴν</span> <span class='ocrx_word' id='word_1_199' title='bbox 522 2383 778 2461; x_wconf 86' lang='grc' dir='ltr'>ἐκείνῃσι,</span> <span class='ocrx_word' id='word_1_200' title='bbox 798 2380 1121 2459; x_wconf 87' lang='grc' dir='ltr'>θηρεύοντές</span> <span class='ocrx_word' id='word_1_201' title='bbox 1137 2407 1201 2441; x_wconf 93' lang='grc' dir='ltr'>τε</span> <span class='ocrx_word' id='word_1_202' title='bbox 1215 2407 1308 2440; x_wconf 89' lang='grc' dir='ltr'>και</span> <span class='ocrx_word' id='word_1_203' title='bbox 1287 2380 1668 2458; x_wconf 81' lang='grc' dir='ltr'>ληϊζόμενοι.</span> <span class='ocrx_word' id='word_1_204' title='bbox 1700 2379 1896 2439; x_wconf 83' lang='grc' dir='ltr'>Ἐποί-</span> 
     </span>
     <span class='ocr_line' id='line_1_28' title="bbox 286 2467 1895 2547; baseline -0.002 -18"><span class='ocrx_word' id='word_1_205' title='bbox 286 2494 379 2529; x_wconf 89' lang='grc' dir='ltr'>ευν</span> <span class='ocrx_word' id='word_1_206' title='bbox 425 2470 484 2528; x_wconf 85' lang='grc' dir='ltr'>δὲ</span> <span class='ocrx_word' id='word_1_207' title='bbox 531 2473 590 2529; x_wconf 84' lang='grc' dir='ltr'>αἶ</span> <span class='ocrx_word' id='word_1_208' title='bbox 639 2469 943 2547; x_wconf 83' lang='grc' dir='ltr'>Ἀμαζόνες</span> <span class='ocrx_word' id='word_1_209' title='bbox 983 2474 1039 2533; x_wconf 89' lang='grc' dir='ltr'>ἐς</span> <span class='ocrx_word' id='word_1_210' title='bbox 1088 2468 1195 2545; x_wconf 80' lang='grc' dir='ltr'>τήν</span> <span class='ocrx_word' id='word_1_211' title='bbox 1244 2468 1615 2545; x_wconf 83' lang='grc' dir='ltr'>μεσαμβρίην</span> <span class='ocrx_word' id='word_1_212' title='bbox 1653 2467 1895 2527; x_wconf 84' lang='grc' dir='ltr'>τοιόνδε·</span> 
     </span>
     <span class='ocr_line' id='line_1_29' title="bbox 286 2554 1897 2637; baseline -0.001 -21"><span class='ocrx_word' id='word_1_213' title='bbox 286 2557 533 2637; x_wconf 83' lang='grc' dir='ltr'>ἐγίνοντο</span> <span class='ocrx_word' id='word_1_214' title='bbox 573 2557 852 2634; x_wconf 79' lang='grc' dir='ltr'>σποράδες</span> <span class='ocrx_word' id='word_1_215' title='bbox 882 2556 1024 2617; x_wconf 71' lang='grc' dir='ltr'>κατὰ</span> <span class='ocrx_word' id='word_1_216' title='bbox 1056 2558 1193 2633; x_wconf 90' lang='grc' dir='ltr'>μίαν</span> <span class='ocrx_word' id='word_1_217' title='bbox 1230 2583 1294 2617; x_wconf 83' lang='grc' dir='ltr'>τε</span> <span class='ocrx_word' id='word_1_218' title='bbox 1320 2557 1414 2615; x_wconf 85' lang='grc' dir='ltr'>καὶ</span> <span class='ocrx_word' id='word_1_219' title='bbox 1439 2554 1555 2626; x_wconf 85' lang='grc' dir='ltr'>δύο,</span> <span class='ocrx_word' id='word_1_220' title='bbox 1582 2554 1778 2632; x_wconf 88' lang='grc' dir='ltr'>πρόσω</span> <span class='ocrx_word' id='word_1_221' title='bbox 1818 2555 1897 2632; x_wconf 74' lang='grc' dir='ltr'>δὴ</span> 
     </span>
     <span class='ocr_line' id='line_1_30' title="bbox 286 2642 1898 2723; baseline -0.001 -21"><span class='ocrx_word' id='word_1_222' title='bbox 286 2642 383 2702; x_wconf 77' lang='grc' dir='ltr'>ἀπ’</span> <span class='ocrx_word' id='word_1_223' title='bbox 402 2643 715 2719; x_wconf 75' lang='grc' dir='ltr'>ἀλληλέων,</span> <span class='ocrx_word' id='word_1_224' title='bbox 738 2649 794 2708; x_wconf 89' lang='grc' dir='ltr'>ἐς</span> <span class='ocrx_word' id='word_1_225' title='bbox 814 2644 1079 2723; x_wconf 80' lang='grc' dir='ltr'>εὐμαρίην</span> <span class='ocrx_word' id='word_1_226' title='bbox 1098 2642 1592 2721; x_wconf 74' lang='grc' dir='ltr'>ἀποσκιδνάμεναι·</span> <span class='ocrx_word' id='word_1_227' title='bbox 1617 2642 1898 2720; x_wconf 85' lang='grc' dir='ltr'>μαθόντες</span> 
     </span>
     <span class='ocr_line' id='line_1_31' title="bbox 287 2729 1894 2807; baseline 0.001 -19"><span class='ocrx_word' id='word_1_228' title='bbox 287 2730 347 2789; x_wconf 87' lang='grc' dir='ltr'>δὲ</span> <span class='ocrx_word' id='word_1_229' title='bbox 374 2731 467 2789; x_wconf 87' lang='grc' dir='ltr'>καὶ</span> <span class='ocrx_word' id='word_1_230' title='bbox 494 2733 547 2789; x_wconf 80' lang='grc' dir='ltr'>οἱ</span> <span class='ocrx_word' id='word_1_231' title='bbox 575 2729 801 2800; x_wconf 81' lang='grc' dir='ltr'>Σκύθαι,</span> <span class='ocrx_word' id='word_1_232' title='bbox 829 2733 1047 2792; x_wconf 88' lang='grc' dir='ltr'>ἐποίευν</span> <span class='ocrx_word' id='word_1_233' title='bbox 1070 2731 1250 2793; x_wconf 79' lang='grc' dir='ltr'>τῶυτὸ</span> <span class='ocrx_word' id='word_1_234' title='bbox 1280 2735 1469 2792; x_wconf 79' lang='grc' dir='ltr'>τοῦτο·</span> <span class='ocrx_word' id='word_1_235' title='bbox 1512 2731 1611 2790; x_wconf 87' lang='grc' dir='ltr'>καί</span> <span class='ocrx_word' id='word_1_236' title='bbox 1638 2756 1723 2793; x_wconf 84' lang='grc' dir='ltr'>τις</span> <span class='ocrx_word' id='word_1_237' title='bbox 1753 2756 1894 2807; x_wconf 82' lang='grc' dir='ltr'>μου·</span> 
     </span>
     <span class='ocr_line' id='line_1_32' title="bbox 286 2816 1894 2898; baseline 0 -19"><span class='ocrx_word' id='word_1_238' title='bbox 286 2818 591 2879; x_wconf 88' lang='grc' dir='ltr'>νωθεισέων</span> <span class='ocrx_word' id='word_1_239' title='bbox 614 2817 724 2877; x_wconf 84' lang='grc' dir='ltr'>τινὶ</span> <span class='ocrx_word' id='word_1_240' title='bbox 749 2817 955 2879; x_wconf 77' lang='grc' dir='ltr'>αὐτέων</span> <span class='ocrx_word' id='word_1_241' title='bbox 981 2821 1393 2898; x_wconf 85' lang='grc' dir='ltr'>ἐνεχρίμπτετο,</span> <span class='ocrx_word' id='word_1_242' title='bbox 1423 2819 1516 2878; x_wconf 82' lang='grc' dir='ltr'>καὶ</span> <span class='ocrx_word' id='word_1_243' title='bbox 1554 2818 1593 2895; x_wconf 82' lang='grc' dir='ltr'><em>ἦ</em></span> <span class='ocrx_word' id='word_1_244' title='bbox 1631 2816 1894 2895; x_wconf 74' lang='grc' dir='ltr'>Ἀμαζῶν</span> 
     </span>
     <span class='ocr_line' id='line_1_33' title="bbox 287 2903 1893 2985; baseline 0.002 -24"><span class='ocrx_word' id='word_1_245' title='bbox 287 2904 387 2963; x_wconf 80' lang='grc' dir='ltr'>ούκ</span> <span class='ocrx_word' id='word_1_246' title='bbox 404 2903 702 2972; x_wconf 85' lang='grc' dir='ltr'>οἷπωθέετο,</span> <span class='ocrx_word' id='word_1_247' title='bbox 720 2904 875 2962; x_wconf 72' lang='grc' dir='ltr'>ἀλλὰ</span> <span class='ocrx_word' id='word_1_248' title='bbox 887 2907 1127 2979; x_wconf 76' lang='grc' dir='ltr'>περιεῖδε</span> <span class='ocrx_word' id='word_1_249' title='bbox 1142 2905 1493 2985; x_wconf 87' lang='grc' dir='ltr'>χρήσασθαι·</span> <span class='ocrx_word' id='word_1_250' title='bbox 1516 2907 1609 2965; x_wconf 87' lang='grc' dir='ltr'>καὶ</span> <span class='ocrx_word' id='word_1_251' title='bbox 1625 2908 1893 2982; x_wconf 83' lang='grc' dir='ltr'>φωνῆσαι</span> 
     </span>
     <span class='ocr_line' id='line_1_34' title="bbox 287 2989 1894 3072; baseline 0.002 -24"><span class='ocrx_word' id='word_1_252' title='bbox 287 2992 392 3064; x_wconf 81' lang='grc' dir='ltr'>μὲν</span> <span class='ocrx_word' id='word_1_253' title='bbox 423 3014 521 3047; x_wconf 91' lang='grc' dir='ltr'>ουκ</span> <span class='ocrx_word' id='word_1_254' title='bbox 550 2989 682 3065; x_wconf 83' lang='grc' dir='ltr'>εἶχε,</span> <span class='ocrx_word' id='word_1_255' title='bbox 713 3015 777 3048; x_wconf 88' lang='grc' dir='ltr'>ου</span> <span class='ocrx_word' id='word_1_256' title='bbox 803 3015 915 3069; x_wconf 84' lang='grc' dir='ltr'>γαρ</span> <span class='ocrx_word' id='word_1_257' title='bbox 942 2993 1213 3053; x_wconf 89' lang='grc' dir='ltr'>συνίεσαν</span> <span class='ocrx_word' id='word_1_258' title='bbox 1239 2992 1525 3068; x_wconf 72' lang='grc' dir='ltr'>ἀλλήλων,</span> <span class='ocrx_word' id='word_1_259' title='bbox 1551 2996 1623 3072; x_wconf 84' lang='grc' dir='ltr'>τῇ</span> <span class='ocrx_word' id='word_1_260' title='bbox 1651 2994 1711 3054; x_wconf 79' lang='grc' dir='ltr'>δὲ</span> <span class='ocrx_word' id='word_1_261' title='bbox 1741 3018 1894 3071; x_wconf 88' lang='grc' dir='ltr'>χειρι</span> 
     </span>
     <span class='ocr_line' id='line_1_35' title="bbox 285 3074 1894 3160; baseline 0.006 -29"><span class='ocrx_word' id='word_1_262' title='bbox 285 3075 546 3149; x_wconf 80' lang='grc' dir='ltr'>ἔφραζε’</span> <span class='ocrx_word' id='word_1_263' title='bbox 519 3101 574 3135; x_wconf 88' lang='grc' dir='ltr'>ες</span> <span class='ocrx_word' id='word_1_264' title='bbox 596 3074 700 3149; x_wconf 75' lang='grc' dir='ltr'>τήν</span> <span class='ocrx_word' id='word_1_265' title='bbox 722 3075 1022 3153; x_wconf 72' lang='grc' dir='ltr'>ὑστεραίην</span> <span class='ocrx_word' id='word_1_266' title='bbox 1047 3080 1286 3140; x_wconf 87' lang='grc' dir='ltr'>ἐλθεῖν’</span> <span class='ocrx_word' id='word_1_267' title='bbox 1260 3106 1316 3143; x_wconf 91' lang='grc' dir='ltr'>ες</span> <span class='ocrx_word' id='word_1_268' title='bbox 1337 3080 1517 3141; x_wconf 81' lang='grc' dir='ltr'>τωυτὸ</span> <span class='ocrx_word' id='word_1_269' title='bbox 1546 3081 1768 3160; x_wconf 90' lang='grc' dir='ltr'>χωρίον,</span> <span class='ocrx_word' id='word_1_270' title='bbox 1797 3083 1894 3140; x_wconf 83' lang='grc' dir='ltr'>καὶ</span> 
     </span>
     <span class='ocr_line' id='line_1_36' title="bbox 288 3157 1892 3248; baseline 0.007 -32"><span class='ocrx_word' id='word_1_271' title='bbox 288 3157 552 3233; x_wconf 65' lang='grc' dir='ltr'>ἕτερον’</span> <span class='ocrx_word' id='word_1_272' title='bbox 515 3185 689 3240; x_wconf 84' lang='grc' dir='ltr'>αγειν·</span> <span class='ocrx_word' id='word_1_273' title='bbox 737 3163 1097 3236; x_wconf 87' lang='grc' dir='ltr'>σημαίνουσα</span> <span class='ocrx_word' id='word_1_274' title='bbox 1139 3165 1237 3225; x_wconf 87' lang='grc' dir='ltr'>δύο</span> <span class='ocrx_word' id='word_1_275' title='bbox 1276 3168 1560 3248; x_wconf 83' lang='grc' dir='ltr'>γενέσθαι,</span> <span class='ocrx_word' id='word_1_276' title='bbox 1610 3168 1704 3226; x_wconf 83' lang='grc' dir='ltr'>καὶ</span> <span class='ocrx_word' id='word_1_277' title='bbox 1745 3166 1892 3244; x_wconf 78' lang='grc' dir='ltr'>αύτή</span> 
     </span>
     <span class='ocr_line' id='line_1_37' title="bbox 290 3243 1893 3328; baseline 0.008 -28"><span class='ocrx_word' id='word_1_278' title='bbox 290 3243 480 3317; x_wconf 77' lang='grc' dir='ltr'>ἑτέρην</span> <span class='ocrx_word' id='word_1_279' title='bbox 529 3244 697 3314; x_wconf 75' lang='grc' dir='ltr'>ἄξειν·</span> <span class='ocrx_word' id='word_1_280' title='bbox 759 3246 791 3304; x_wconf 83' lang='grc' dir='ltr'>ὁ</span> <span class='ocrx_word' id='word_1_281' title='bbox 839 3247 899 3305; x_wconf 86' lang='grc' dir='ltr'>δὲ</span> <span class='ocrx_word' id='word_1_282' title='bbox 943 3251 1231 3322; x_wconf 87' lang='grc' dir='ltr'>νεηνίσκος</span> <span class='ocrx_word' id='word_1_283' title='bbox 1278 3255 1398 3314; x_wconf 82' lang='grc' dir='ltr'>ἐπεὶ</span> <span class='ocrx_word' id='word_1_284' title='bbox 1448 3253 1689 3328; x_wconf 76' lang='grc' dir='ltr'>ἀπῆλθε,</span> <span class='ocrx_word' id='word_1_285' title='bbox 1732 3255 1893 3323; x_wconf 76' lang='grc' dir='ltr'>ἔλεξε</span> 
     </span>
    </p>
   </div>
  </div>
 </body>
</html>
