2184 3517
257 158 487 225 75-77]
958 159 1183 210 KAEIn.
1804 162 1867 217 37

258 240 326 300 δὲ
361 240 456 300 καὶ
490 240 560 300 τὰ
589 241 858 317 παράπαν
885 239 1121 321 λέγουσι
1158 239 1252 299 καὶ
1285 238 1354 300 τό
1385 237 1624 319 οἷρχαῖον
1649 239 1878 318 ῥέεθρον
1941 310 1952 317 p

258 327 740 406 ἀποξηρανθῆναι·
782 326 938 387 οἷλλοί
967 332 1136 388 τοῦτο
1169 330 1274 404 μὲν
1306 326 1373 387 οὗ
1404 327 1729 405 προσίεμαι·
1770 332 1877 393 κῶς
1921 324 1956 391 Ι,

255 415 378 497 γοῖρ
405 416 592 475 ὀπίσω
617 415 981 494 πορευόμενοι
1008 415 1287 492 διέβησαν
1313 413 1519 485 αὖτόν;

350 507 607 581 Κροῖσος
624 503 699 574 δὲ,
723 505 849 563 ἐπεί
868 529 931 564 τε
957 501 1162 579 διαβάς
1183 502 1293 563 σῦν
1310 507 1387 582 τῷ
1406 500 1628 582 στρατῷ
1647 503 1875 564 ἀπίκετο
1893 505 1971 565 76

255 594 370 667 τῆς
394 592 804 668 Καππαδοκίης
831 597 887 655 ἐς
917 590 1022 668 τήν
1047 592 1296 670 Πτερίην
1322 592 1686 669 καλεομένην·
1730 590 1789 671 (ἦ
1817 590 1877 650 δὲ

260 679 487 757 Πτερίη
515 680 641 739 ἐστὶ
665 683 768 755 τῆς
790 678 977 759 χῶρης
999 679 1204 755 ταύτης
1229 679 1296 741 τᾶ
1324 678 1708 760 ἰσχυρότατον,
1737 678 1880 738 κατὰ

259 766 529 844 Σινώπην
562 766 736 827 πόλιν
768 767 874 843 τήν
915 771 975 827 ἐν
1009 765 1252 846 Εὐξείνῳ
1290 766 1474 846 πόντῳ
1512 766 1768 844 μάλιστά
1808 793 1879 843 κη

256 855 535 935 κειμένη)
565 856 801 917 ἐνθαῦτα
827 853 1342 933 ἐστρατοπεδεύετο,
1370 856 1612 932 φθείρων
1636 859 1747 916 τῶν
1773 856 1877 919 Συ-

256 943 406 1020 ρίων
431 942 562 1007 τοῦς
592 943 850 1020 κλήρους.
934 943 1028 1003 καὶ
1059 943 1178 1021 εἷλε
1216 944 1320 1020 μὲν
1347 946 1459 1004 τῶν
1489 943 1742 1020 Πτερίων
1771 943 1878 1018 τήν

258 1029 458 1100 πόλιν,
500 1031 594 1090 καὶ
631 1030 1103 1109 ἠνδραποδίσατο·
1148 1030 1266 1090 εἷλε
1305 1030 1366 1089 δὲ
1404 1028 1504 1094 τοὶς
1542 1031 1880 1108 περιοικίδας

260 1114 442 1193 αὐτῆς
467 1118 676 1181 πάσας·
719 1118 951 1196 Συρίους
974 1144 1039 1180 τε
1065 1117 1226 1179 οὐδὲν
1251 1117 1441 1182 ἐόντας
1473 1118 1680 1182 αἰτίους
1705 1117 1879 1206 tiva*-

160 1254 167 1260 .
208 1204 468 1282 ῃτάτους
495 1206 748 1282 ἐποίησε.
810 1211 998 1285 Κῦρος
1025 1206 1086 1266 δὲ
1113 1205 1337 1288 ἀγείρας
1361 1205 1462 1266 τόν
1481 1208 1681 1265 ἑωυτοῦ
1707 1232 1880 1284 στρα-

260 1292 371 1353 τὸν
401 1294 495 1353 καὶ
533 1294 888 1372 παραλαβών
916 1294 1048 1359 τοῦς
1086 1293 1296 1370 μεταξι)
1337 1294 1615 1357 οἰκέοντας
1649 1293 1879 1364 πάντας,

259 1380 526 1457 ἠντιοῦτο
567 1383 820 1463 Κροίσῳ·
867 1384 1002 1461 πρὶν
1041 1382 1104 1443 δὲ
1145 1380 1456 1453 ἐξελαύνειν
1491 1379 1741 1459 ὁρμῆσαι
1778 1382 1881 1443 τᾶν

267 1468 536 1547 στρατόν,
578 1471 806 1549 πέμψας
847 1470 1085 1549 κήρυκας
1127 1474 1183 1534 ἐς
1221 1468 1353 1535 τοῦς
1385 1469 1583 1533 Ἴωνας
1622 1469 1880 1547 ἐπειρᾶτό

265 1562 458 1632 σφεας
484 1556 597 1618 άπό
619 1559 875 1636 Κροίσου
896 1558 1294 1636 ἐπιστάμεναι·
1325 1556 1512 1622 Ἴωνες
1535 1558 1641 1635 μέν
1658 1584 1755 1619 νυν
1775 1556 1875 1618 οὐκ

268 1646 580 1707 ἐπείθοντο.
665 1651 853 1724 Κῦρος
878 1647 938 1707 δὲ
966 1646 1038 1710 ὦς
1064 1646 1293 1707 οἷπίκετο
1321 1647 1414 1706 καὶ
1439 1645 1876 1724 άντεστρατοπε·

266 1732 512 1794 δεύσατο
545 1734 794 1814 Κροίσῳ,
831 1736 1067 1796 ἐνθαῦτα
1101 1740 1159 1796 ἐν
1188 1738 1260 1813 τῇ
1302 1735 1514 1813 Πτερίῃ
1548 1734 1703 1813 χώρῃ
1736 1738 1876 1794 ἐπει-

263 1820 453 1899 ρῶατο
475 1822 616 1882 κατὰ
634 1822 701 1883 τὰ
723 1822 959 1902 ἰσχυρὰν
978 1822 1268 1898 ἀλλήλων.
1319 1822 1507 1902 μάχης
1531 1822 1591 1881 δέ
1611 1826 1879 1900 καρτερῆς

266 1911 573 1991 γενομένης
608 1911 702 1971 καὶ
739 1910 1029 1972 πεσόντων
1064 1910 1399 1988 οἷμφοτέρων
1431 1913 1680 1980 πολλῶν,
1714 1910 1880 1974 τέλος

269 1995 552 2075 οὐδέτεροι
575 1998 901 2075 νικήσαντες
925 1999 1251 2076 διέστησαν,
1278 1998 1472 2064 νυκτός
1498 1996 1864 2074 ἐπελθούσης.

354 2088 471 2146 Καὶ
500 2086 574 2147 τοὶ
616 2090 720 2164 μὲν
759 2087 1118 2165 στρατόπεδα.-
1154 2086 1451 2166 οἷμφότερα
1482 2086 1651 2151 οὕτως
1679 2086 1875 2169 ἦγωνί-
1892 2087 1971 2148 77

267 2198 434 2246 σατο,
480 2179 735 2253 Κροῖσος
787 2175 849 2235 δὲ
897 2176 1180 2254 μεμφθεὶς
1231 2174 1371 2235 κατιῗΙ
1422 2173 1490 2234 τό
1540 2176 1763 2251 πλῆθος
1805 2174 1876 2236 τό

270 2266 475 2323 ἑωυτοῦ
504 2263 844 2342 στράτευμα·
885 2263 984 2345 (ἦν
1005 2262 1118 2345 γάρ
1145 2266 1200 2323 οἱ
1230 2261 1263 2322 ό
1289 2262 1609 2339 συμβαλών
1634 2261 1878 2340 στρατὸς

267 2351 496 2412 πολλᾶν
523 2351 786 2413 ἐλάσσων
810 2350 848 2428 ἢ
875 2352 909 2412 ὁ
936 2351 1173 2432 Κύρου·)
1202 2353 1369 2411 τοῦτο
1392 2349 1687 2427 μεμφθεὶς,
1710 2349 1781 2412 ὥς
1805 2354 1878 2427 τῇ

268 2437 541 2518 ῦστεραίῃ
577 2439 675 2500 οὐκ
709 2444 966 2518 ἐπειρᾶτο
999 2438 1167 2500 ἐπιών
1200 2437 1234 2500 ό
1268 2441 1473 2515 Κῦρος,
1501 2437 1787 2513 ἀπήλαυνε
1818 2442 1875 2501 ἐς

267 2525 371 2590 τοῖς
411 2527 631 2606 Σάρδις,
661 2533 725 2602 ,ἐν
755 2528 865 2607 νόῳ
904 2527 1061 2608 ἔχων,
1094 2526 1495 2604 παρακαλέσας
1532 2528 1637 2602 μὲν
1667 2528 1876 2606 Αἷγυπ·

266 2615 420 2679 τίους
472 2615 617 2676 κατοὶ
663 2615 732 2677 τό
785 2614 990 2694 ὅρκιον,
1047 2614 1380 2696 (ἐποιήσατο
1429 2612 1540 2694 γάρ
1593 2614 1687 2674 καὶ
1736 2614 1877 2693 πρὸς

262 2701 518 2782 Ἀμασιν
538 2702 925 2780 βασιλεύοντα
948 2702 1236 2785 Αἰγύπτου
1261 2703 1589 2782 συμμαχίην
1605 2700 1878 2782 πρότερον

265 2789 414 2869 ἤπερ
444 2791 592 2870 πρός
619 2792 1133 2872 Λακεδαιμονίους,)
1158 2790 1661 2871 μεταπεμψάμενος
1692 2790 1752 2850 δὲ
1783 2791 1877 2851 καὶ

268 2879 691 2956 Βαβυλωνίους,
716 2880 835 2961 (καὶ
857 2878 969 2962 γοῖρ
993 2879 1137 2959 πρός
1160 2879 1387 2943 τούτους
1411 2879 1557 2958 αὐτῷ
1581 2879 1878 2953 ἐπεποίητο

268 2968 592 3047 συμμαχίη·
622 2965 938 3045 ἐτυράννευε
957 2967 1017 3026 δὲ
1033 2972 1146 3028 τῶν
1160 2966 1539 3044 Βαβυλωνίων
1556 2966 1656 3027 τᾶν
1671 2965 1877 3044 χρόνον

265 3059 468 3115 τοῦτον
507 3053 888 3136 Λαβύνητος·)
927 3055 1267 3136 ἐπαγγείλας
1305 3055 1367 3112 δὲ
1406 3054 1498 3112 καὶ
1529 3054 1875 3133 ,Λακεδαιμο-

266 3142 419 3206 νίους
441 3147 701 3220 παρεῖναι
721 3148 777 3206 ἐς
801 3142 1007 3222 χρόνον
1031 3141 1218 3219 ῥητὸν,
1240 3140 1447 3203 ἁλίσας
1471 3165 1534 3199 τε
1559 3140 1627 3216 δὴ
1645 3139 1873 3205 τούτους

267 3230 366 3289 καὶ
386 3229 496 3306 τὴν
523 3232 724 3313 ξωυτοῦ
756 3229 1040 3298 συλλέξας
1069 3226 1355 3304 στρατιὴν,
1384 3226 1607 3287 ἐνένωτο
1636 3225 1738 3288 τόν
1759 3254 1874 3308 χει·

18 3314 19 3317 ¹
264 3317 651 3395 μὸναπαρεὶς
675 3314 794 3392 ἅμα
811 3319 890 3393 τῷ
912 3314 1007 3390 ἦρι
1022 3312 1343 3391 στρατεύειν
1362 3314 1454 3371 ἐπὶ
1469 3314 1599 3378 τοῦς
1623 3314 1874 3389 Πέρσας.
