2184 3517
351 124 418 170 50
973 121 1340 174 ἯροΔοτοτ
1885 102 1959 184 [1.

356 200 548 276 Μῆδοι
589 200 823 279 όρῶντες
861 200 1033 262 αὐτοῦ
1067 201 1201 265 τούς
1237 198 1496 279 τρόπους,
1545 198 1817 275 δικαστήν
1861 223 1966 275 μιν

356 291 568 348 ε’ωυταῖν
594 290 863 367 αἰρέοντο“
904 289 938 349 ό
964 289 1025 349 δὲ
1050 287 1136 364 δὴ,
1166 288 1258 348 οἶα
1282 285 1593 364 μνεῶμενος
1619 285 1818 366 ἀρχὴν,
1842 286 1967 351 ἰθύς

349 401 415 436 τε
440 378 531 435 καὶ
552 377 766 442 ,δίκαιος
790 375 880 452 ἦν.
948 377 1149 436 ποιέων
1173 401 1236 437 τε
1261 378 1439 434 ταῦτα
1465 374 1696 446 ἔπαινον,
1715 374 1832 453 εἶχε
1857 373 1965 434 οὐκ

360 462 557 545 ὀλίγον
582 463 724 542 πρὸς
746 469 858 525 τῶν
882 464 1172 535 πολιτέων,
1201 462 1344 523 οὕτω
1380 461 1526 522 ὥστε
1551 460 1963 539 πυνθανόμενοι

355 554 411 610 οἶ
438 557 495 611 ἐν
521 555 658 630 τῇσι
683 550 901 632 ἄλλῃσι
931 551 1154 630 κώμῃσι
1180 549 1252 614 ὥς
1278 548 1522 626 Δηῖόκης
1548 549 1631 626 εἴη
1658 547 1800 626 ἀνὴρ
1822 553 1963 626 μοῦ-

353 665 448 703 νος
480 638 622 699 κατοὶ
654 638 722 700 τὸ
760 639 930 717 όρθὸν
956 639 1202 710 δικάζων,
1227 637 1499 716 πρότερον
1533 637 1964 715 περιπίπτοντες

357 725 599 786 ἀδίκοισι
643 725 920 809 γνώμῃσι,
958 726 1087 787 τότε
1137 726 1263 786 ἐπεί
1299 750 1365 786 τε
1409 723 1677 800 ἥκουσαν,
1720 722 1963 802 ἅσμενοι

355 815 608 888 ἐφοίτεον
645 813 801 892 παρὰ
836 813 939 875 τᾶν
979 812 1223 891 Δηῖόκεα
1263 814 1355 873 καὶ
1395 811 1553 873 αὐτοὶ
1578 811 1958 889 δικασόμενοι·

257 902 332 963 97
351 903 513 966 τέλος
559 903 634 972 δὲ,
678 902 856 963 οὐδενὶ
900 902 1061 982 ἄλλῳ
1110 900 1507 980 ἐπετράποντο.
1588 902 1848 965 Πλεΰνος
1895 901 1961 961 δὲ

353 984 460 1049 αἰεὶ
494 991 789 1070 γινομένου
819 995 922 1052 τοῦ
957 989 1388 1068 ἐπιφοιτέοντος,
1417 988 1509 1049 οἷα
1532 988 1961 1064 πυνθανομένων

353 1076 453 1142 τὰς
488 1078 641 1143 δίκας
672 1077 1002 1156 ἀποβαίνειν
1033 1076 1175 1140 κατοὶ
1209 1077 1277 1139 τὰ
1315 1076 1423 1152 ἐόν,
1449 1075 1618 1159 γνοῦς
1653 1074 1687 1136 ὁ
1716 1076 1961 1153 Δηῖόκης

354 1170 412 1230 ἐς
447 1166 648 1228 ἐωυτὸν
682 1171 795 1227 πᾶν
831 1166 1202 1245 ἀνακείμενον,
1236 1163 1363 1225 οὔτε
1401 1165 1639 1236 κατίζειν
1674 1163 1754 1224 ἔτι
1786 1162 1961 1239 ἤθελε

353 1255 486 1316 ἔνθα
528 1280 636 1333 περ
687 1255 963 1334 πρότερον
1013 1254 1360 1332 προκατίζων
1410 1252 1637 1323 ἐδίκαζε,
1681 1248 1796 1310 οὔτ’
1845 1251 1960 1329 ἔφη

355 1341 512 1403 δικᾶν
534 1342 631 1402 ἔτι·
662 1341 726 1401 οὐ
750 1340 863 1423 γάρ
883 1344 938 1402 οἱ
956 1341 1321 1410 λυσιτελέειν,
1336 1344 1447 1401 τῶν
1468 1341 1668 1400 ἑωυτοῦ
1691 1337 1959 1416 ἐξημελη-

260 1428 491 1488 χ«κκότα
529 1431 686 1489 τοῖσι
720 1428 901 1492 πέλας
940 1427 1008 1487 δι’
1046 1427 1258 1506 ἡμέρης
1299 1426 1555 1499 δικάζειν.
1638 1425 1840 1503 ἐούσης
1881 1425 1961 1488 ὦν

354 1514 611 1597 ἁρπαγῆς
636 1514 728 1575 καὶ
755 1515 987 1594 α’νομίης
1012 1516 1094 1577 ἔτι
1123 1519 1324 1595 πολλῷ
1347 1519 1574 1593 μᾶλλον
1599 1512 1707 1576 οἶνὰ
1729 1513 1831 1578 τοὶς
1855 1514 1958 1574 κῶ-

351 1628 465 1679 μας
489 1601 527 1679 ἦ
552 1602 823 1680 πρότερον
841 1603 928 1680 ἦν,
947 1604 1376 1684 συνελέχθησαν
1394 1606 1449 1663 οἱ
1472 1603 1666 1679 Μῆδοι
1686 1607 1743 1666 ἐς
1758 1601 1957 1675 τῶυτὸ,

357 1690 451 1749 καὶ
484 1690 739 1751 ἐδίδοσαν
775 1692 952 1768 σφίσι
985 1691 1162 1774 λόγον
1194 1692 1453 1773 λέγοντες
1486 1691 1616 1768 περὶ
1648 1694 1761 1751 τῶν
1791 1715 1959 1768 κατη-

354 1778 578 1838 κόντων·
632 1778 708 1842 ὦς
750 1777 800 1838 δ’
841 1778 948 1861 ἐγὼ
993 1779 1182 1850 δοκέω,
1222 1779 1480 1856 μάλιστα
1525 1781 1720 1860 ἔλεγον
1758 1781 1814 1839 οἰ
1850 1783 1958 1840 τοῦ

354 1866 602 1941 Δηῖόκεω
653 1867 839 1943 φίλοι·
896 1865 1007 1928 “013
1051 1866 1164 1948 γὰρ
1218 1866 1288 1942 δή
1333 1867 1524 1947 τρόπῳ
1570 1870 1649 1945 τῷ
1691 1864 1957 1945 παρεόντι

351 1953 655 2032 χρεώμενοι
702 1954 927 2015 δυνατοί
970 1958 1122 2033 εἰμεν
1163 1955 1360 2016 οἰκέειν
1408 1954 1515 2032 τὴν
1564 1953 1768 2035 χώρην,
1815 1954 1958 2034 φέρε

353 2041 654 2120 στήσωμεν
694 2041 879 2120 ἦμέων
922 2041 1103 2107 αὐτῶν
1148 2042 1424 2119 βασιλέα·
1480 2041 1572 2102 καὶ
1616 2041 1758 2103 οὕτω
1801 2041 1841 2118 ἦ
1890 2068 1958 2103 τε

351 2128 507 2208 χῶρη
549 2129 915 2208 εὐνομήσεται
954 2132 1048 2191 καὶ
1086 2128 1245 2191 αὐτοὶ
1281 2129 1424 2208 πρός
1458 2129 1592 2212 ἔργα
1614 2128 1953 2208 τρεψόμεθα,

354 2215 479 2276 οὐδὲ
529 2216 622 2277 ὑπ’
677 2217 907 2297 α’νομίης
951 2217 1258 2280 ἀνάστατοι
1302 2216 1601 2296 ἐσόμεθα·”
1654 2217 1832 2277 ταῦτα’.
1882 2243 1955 2296 κη

257 2306 335 2364 98
352 2305 611 2386 λέγοντες
636 2306 895 2366 πείθουσι
922 2306 1156 2377 ἐωυτοΰς
1178 2304 1613 2384 βασιλεύεσθαι·
1653 2303 1868 2367 Αὐτίκα
1892 2305 1955 2366 δὲ

352 2394 838 2471 προβαλλομένων
895 2393 997 2455 τόν
1052 2419 1179 2455 τινα
1230 2392 1541 2470 στήσονται
1590 2392 1864 2470 βασιλέα,
1916 2392 1953 2454 ό

352 2480 597 2557 Δηῖόκης
645 2479 718 2556 ἦν
760 2480 980 2544 πολλὰς
1023 2479 1136 2540 ὖπό
1181 2479 1391 2544 παντός
1433 2480 1632 2557 ἅνδρός
1677 2481 1771 2541 καὶ
1816 2506 1954 2558 προ-

350 2567 713 2644 βαλλόμενος
743 2568 837 2627 καὶ
867 2567 1200 2645 αἰνεόμενος·
1229 2573 1286 2631 ἐς
1310 2566 1344 2628 ὃ
1367 2570 1570 2630 τοῦτον
1595 2568 1953 2630 καταινέουσι

347 2655 606 2729 βασιλέα
631 2655 809 2730 σφίσι
843 2655 1000 2715 εἶναι.
1082 2654 1116 2715 ὁ
1148 2654 1195 2715 δ’
1227 2655 1448 2716 ἐκέλευε
1477 2654 1680 2720 αὐτοῦς
1712 2657 1862 2716 οἰκία
1889 2682 1954 2718 τε

350 2743 528 2821 ἑωυτῷ
549 2739 681 2811 ἅξια
701 2745 803 2819 τῆς
827 2743 1139 2820 βασιληΐης
1165 2743 1547 2821 οἰκοδομῆσαι,
1568 2744 1662 2804 καὶ
1688 2747 1953 2824 κρατῦναι

353 2827 525 2890 αὐτὰν
567 2829 981 2909 δορυφόροισι.·
1033 2834 1259 2891 ποιεῦσι
1302 2831 1372 2908 δὴ
1416 2834 1596 2892 ταῦτα
1640 2834 1696 2892 οἰ
1739 2831 1951 2908 Μῆδοι·

350 2916 745 2995 οἰκοδομέουσί
766 2943 831 2979 τε
864 2918 977 3000 γὰρ
1013 2917 1194 3026 αὐτοὶ
1198 2918 1347 2980 οἰκία
1377 2917 1606 3000 μεγάλα
1636 2943 1701 2979 τε
1736 2921 1830 2979 καὶ
1866 2924 1952 2982 ἰσ-

345 3029 508 3082 χυρα,
545 3006 635 3066 ἵνα
668 3003 836 3070 αὐτὸς
874 3007 1091 3083 ἔφρασε
1121 3010 1224 3082 τῆς
1255 3032 1456 3086 χωρης,
1485 3005 1579 3066 καὶ
1607 3005 1955 3084 δορυφόρους

222 3090 496 3196 Ναῦτῶ
529 3092 892 3171 ἐπιτρέπουσι
922 3097 983 3152 ἐκ
1014 3090 1237 3182 πάντων
1269 3093 1480 3169 Μήδων
1512 3093 1954 3164 καταλέξασθαι.

222 3152 386 3236 μό
421 3177 482 3237 δὲ
516 3179 589 3242 ὥς
613 3181 751 3259 ἔσχε
779 3178 885 3257 τὴν
913 3178 1114 3259 ἀρχὴν,
1147 3205 1278 3244 τους
1313 3179 1544 3256 Μήδους
1573 3179 1866 3263 ἧναγκασε
1896 3183 1958 3245 ἓν

349 3262 614 3342 πόλισμα
636 3265 1007 3342 ποιήσασθαι,
1033 3266 1128 3327 καὶ
1151 3269 1319 3328 τοῦτο
1341 3268 1822 3345 περιστέλλοντας
1843 3272 1958 3333 τῶν
