2184 3517
188 131 431 196 69—71]
895 134 1118 183 Immo.
1752 134 1815 183 38

188 237 448 289 στ-ηριον
471 212 918 289 προσκαλέομαι,
948 212 1121 288 φίλος
1143 237 1207 271 τε
1232 212 1411 271 θέλων
1435 211 1699 292 γενέσθαι
1724 212 1818 271 καὶ

190 299 515 379 σύμμαχος
538 298 666 359 ἄνευ
691 325 752 358 τε
778 297 948 359 δόλου
976 299 1067 357 καὶ
1094 298 1360 375 απαί·ης.υ
1437 302 1688 375 Κροῖσος
1711 300 1898 376 pir*

190 386 271 462 δή
312 414 498 446 ταυτα
536 386 605 446 δι’
631 386 887 468 ἀγγέλων
927 386 1367 463 ἐπεκηρυκεύετο,
1395 386 1820 463 Λακεδαιμόνιοι

191 474 261 533 δὲ
311 473 621 551 ἀκηκοότες
661 474 753 533 καὶ
793 473 949 534 αὖτοὶ
989 474 1056 535 τὸ
1099 473 1434 552 θεοπρόπιον
1471 474 1538 534 τὰ
1587 475 1819 555 Κροίσῳ

188 562 526 642 γενόμενον,
567 562 834 638 ἥσθησάν
877 588 940 622 τε
983 566 1056 641 τῇ
1102 560 1292 638 οἷφίξεῖ
1330 566 1439 622 τῶν
1484 562 1679 622 Λυδῶν
1727 564 1820 623 καὶ

193 651 551 744 ἐποιήσαντο
596 649 756 727 ὅρκια
798 651 997 727 ξεινίης
1035 651 1166 728 πέρι
1211 650 1304 709 καὶ
1346 650 1678 729 ξυμμαχίης·
1727 651 1819 711 καὶ

191 738 312 820 γάρ
345 765 493 802 τινες
528 736 727 802 αὐτοῦς
763 737 1073 849 εὐεργεσίαι
1112 738 1264 817 εἶχον
1300 742 1360 798 ἐκ
1398 739 1651 816 Κροίσου
1681 738 1817 816 πρό-

192 852 371 903 τερον
397 827 475 886 ἔτι
499 830 800 908 γεγονυῖαι·
830 827 1151 905 πέμψαντες
1176 853 1285 908 γαρ
1313 828 1367 885 οἶ
1392 826 1818 904 Λακεδαιμόνιοι

197 919 258 977 ἐς
300 914 508 992 Σάρδις
548 914 766 994 χρυσόν
808 914 1054 985 ὠνέοντο,
1100 919 1156 978 ἔς
1200 912 1433 996 ἄγαλμα
1473 914 1818 992 βουλόμενοι

194 1002 538 1081 χρήσασθαι
572 1007 738 1062 τοῦτο
768 1003 835 1063 τό
869 1006 966 1063 νῦν
996 1007 1099 1079 τῆς
1129 1006 1450 1078 Λακωνικῆς
1487 1007 1546 1062 ἐν
1576 1001 1817 1112 Θόρνακι

199 1091 421 1167 ἵδρυται
464 1090 844 1154 ’Λπόλλωνος
900 1095 1152 1168 Κροῖσος
1196 1090 1260 1149 δέ
1303 1096 1417 1166 σφι
1463 1089 1817 1167 ὠνεομένοισι

198 1178 373 1237 ἔδωκε
406 1179 654 1255 δωτίνην.
734 1176 954 1237 Τούτων
988 1204 1051 1238 τε
1092 1177 1166 1238 ὦν
1209 1178 1410 1238 εἵνεκεν
1453 1180 1508 1237 οἱ
1551 1178 1814 1237 Λακεδαι-
1833 1179 1916 1239 70

197 1265 390 1343 μόνιοι
422 1265 529 1342 τήν
566 1267 893 1345 συμμαχίην
929 1266 1200 1336 ἐδέξαντο,
1235 1267 1327 1325 καὶ
1368 1264 1455 1325 ὅτι
1496 1270 1557 1324 ἐκ
1596 1264 1817 1327 πάντων

200 1355 392 1429 σφέας
444 1356 744 1432 προκρίνας
796 1353 1086 1430 Ἑλλήνων
1144 1355 1357 1432 αἱρέετο
1416 1354 1637 1430 φίλους·
1705 1354 1814 1424 καὶ,

200 1446 371 1502 τοῦτο
388 1445 495 1520 μὲν
520 1442 678 1502 αὐτοὶ
701 1441 852 1519 ἦσαν
880 1446 1090 1521 ἑτοῖμοι
1120 1443 1531 1525 ἐπαγγειλαντι·
1564 1446 1729 1503 τοῦτο
1754 1443 1816 1504 δὲ

201 1531 579 1608 ποιησάμενοι
638 1535 885 1608 κρητῆρα
934 1530 1197 1611 χάλκεον,
1253 1531 1455 1602 ζωδίων
1505 1541 1567 1590 τ“ε
1621 1531 1817 1601 ἔξωθεν

202 1619 529 1694 πλήσαντες
567 1619 696 1698 περὶ
733 1618 799 1678 τὸ
838 1622 1033 1699 χεῖλος
1072 1620 1165 1678 καὶ
1198 1619 1432 1700 μεγάθεΐ
1464 1620 1816 1697 τριηκοσίους

204 1705 495 1784 ἀμφορέας
540 1708 822 1787 χωρέοντα
867 1706 1023 1787 ἦγον,
1068 1707 1246 1785 δῶρον
1284 1707 1627 1785 βουλόμενοι
1668 1706 1815 1769 οἷντι·

205 1795 395 1854 δοῦναι
450 1797 702 1875 Κροίσῳ.
786 1792 946 1859 οὗτος
989 1794 1022 1856 ὅ
1069 1795 1278 1873 κρητήρ
1327 1794 1426 1855 οὐκ
1478 1795 1707 1855 ἀπίκετο
1759 1801 1815 1861 ἐς

207 1883 424 1961 Σάρδις,
453 1882 521 1942 δι’
549 1884 726 1947 αἰτίας
752 1884 1021 1959 διφασίας
1050 1883 1359 1964 λεγομένας
1388 1882 1583 1943 τάσδε·
1625 1886 1679 1943 οῖ
1709 1885 1815 1961 μὲν

205 1970 636 2048 Λακεδαιμόνιοι
665 1973 919 2053 λέγουσι,
953 1971 1024 2035 ὥς
1062 1972 1184 2031 ε’πεί
1214 1997 1277 2031 τε
1312 1969 1583 2052 ἀγόμενος
1620 1976 1676 2035 ἐς
1714 1971 1815 2037 τοὶς

208 2059 407 2135 Σάρδις
433 2059 465 2119 ὅ
496 2060 706 2136 κρητὴρ
734 2059 944 2140 ε’γίνετο
966 2059 1108 2118 κατὰ
1127 2058 1231 2135 τήν
1253 2060 1487 2137 Σαμίην,
1508 2058 1814 2137 πυθόμενοι

209 2146 411 2225 Σάμιοι
464 2145 767 2206 οἷπελοίατο
821 2146 991 2207 αὖτὸν
1044 2148 1209 2223 νηυσὶ
1261 2151 1515 2226 μακρῇσι
1573 2147 1812 2207 ἐπιπλῶ·

209 2259 423 2300 σαντες.
508 2233 666 2294 αὐτοὶ
701 2236 763 2295 δὲ
794 2234 1000 2313 Σάμιοι
1032 2235 1287 2316 λέγουσι,
1317 2234 1387 2297 ὥς
1418 2235 1542 2294 ἐπεί
1566 2261 1627 2295 τε
1652 2234 1813 2295 ὖστέ-

209 2348 387 2398 ρησαν
429 2325 484 2381 οἱ
524 2321 751 2403 ἄγοντες
790 2326 898 2382 τῶν
933 2322 1379 2400 Λακεδαιμονίων
1413 2320 1512 2381 τόν
1548 2327 1810 2400 κρητῆρα,

210 2411 576 2471 ἐπυνθάνοπο
624 2410 683 2469 δὲ
725 2410 928 2487 Σάρδις
972 2435 1035 2470 τε
1082 2410 1174 2470 καὶ
1221 2413 1475 2488 Κροῖσον
1519 2409 1810 2485 ἡλωκέναι,

210 2497 476 2559 ἀπέδοντο
511 2498 611 2558 τὸν
645 2503 892 2576 κρητῆρα
927 2503 986 2558 ἐν
1026 2497 1217 2577 Σάμῳ
1261 2496 1475 2560 ἰδιώτας
1516 2497 1576 2556 δὲ
1615 2497 1815 2576 ἄνδρας

208 2588 540 2665 πριαμένους
564 2586 852 2647 ἀναθεῖναί
870 2612 969 2665 μιν
995 2591 1050 2650 ἐς
1074 2588 1142 2647 τό
1169 2587 1422 2665 Ἡραῖον.
1484 2585 1633 2666 τάχα
1658 2587 1719 2647 δὲ
1743 2585 1814 2647 ἂν

212 2677 300 2733 καὶ
326 2678 379 2734 οἱ
406 2673 742 2751 ἀποδόμενοι
768 2676 989 2757 λέγοιεν
1013 2674 1342 2752 ἀπικόμενοι
1363 2680 1418 2739 ἐς
1439 2676 1719 2753 Σπάρτην,
1741 2675 1813 2740 ὥς

209 2761 642 2841 ἀπαιρεθείησαν
666 2763 778 2823 ὖπό
805 2765 1048 2842 Σαμίων.
1133 2763 1276 2824 κατὰ
1300 2763 1405 2841 μέν
1428 2790 1524 2824 νυν
1554 2764 1654 2824 τόν
1685 2790 1810 2842 κρη-

209 2854 348 2927 τῆρα
374 2850 546 2914 οὕτως
573 2852 727 2931 ἔσχε.
748 2897 753 2903 ,

289 2942 540 3017 Κροῖσος
565 2938 625 2997 δὲ
649 2938 912 3016 ἁμαρτών
936 2942 1036 2999 τοῦ
1059 2944 1342 3018 χρησμοῦ,
1372 2941 1617 3000 ε’ποιέετο
1643 2965 1813 3016 στρα-
1830 2942 1902 3004 71

212 3027 364 3102 τηΐην
403 3033 460 3090 ἐς
500 3027 924 3103 Καππαδοκίην,
954 3030 1195 3092 ε’λπίσας
1233 3026 1591 3105 καταιρήσειν
1625 3027 1816 3105 Κῦρόν

215 3139 271 3173 τε
295 3116 384 3174 καὶ
409 3113 516 3189 τήν
542 3115 811 3190 Περσέων
837 3114 1086 3191 δύναμιν.

268 3202 867 3279 ’Παρασκευαζομένου
899 3202 958 3259 δὲ
995 3201 1250 3277 Κροίσου
1287 3199 1691 3276 στρατεύεσθαι
1723 3202 1815 3259 ε’πὶ

225 3291 457 3411 Πέρσὲις,
503 3294 613 3350 τῶν
652 3314 737 3352 τις
781 3289 978 3348 Λυδῶν
1029 3286 1389 3364 νομιζόμενος
1434 3288 1526 3346 καὶ
1565 3287 1815 3364 πρόσθεν

1939 2237 1994 2255 ·-.-··
