2184 3517
236 103 385 170 3-7]
815 104 1270 154 ΜΕΛΠΟΜΕΝΗ.
1742 106 1835 154 281

234 187 493 261 ποταμοῦ
537 184 834 265 θυγατέρα·
915 183 1106 265 γένεος
1145 187 1250 262 μὲν
1291 183 1545 244 τοιούτου
1585 182 1655 260 δή
1691 209 1845 248 τινος

234 272 499 353 γενέσθαι
530 270 631 332 τᾶν
660 272 992 352 Ταργίταον,
1024 271 1226 332 τούτου
1253 272 1314 332 δὲ
1347 273 1612 353 γενέσθαι
1642 272 1867 335 παῖδας.

234 365 395 438 τρεῖς,
438 359 759 429 Λειπόξαῖν,
789 361 881 419 καὶ
919 359 1241 437 Ἀρπόξαϊν,
1285 361 1376 419 καὶ
1417 360 1689 421 νεώτατον
1729 366 1841 419 Κο-

235 449 453 520 λάξαῖν·
499 448 591 507 ἐπὶ
625 447 834 507 τούτων
865 447 1150 527 ἀρχόντων
1188 453 1248 507 ἐκ
1284 452 1384 508 τοῦ
1413 447 1647 526 οὐρανοῦ
1676 446 1843 526 φερό·

236 563 374 613 μενα
420 535 639 616 χρύσεα
680 535 984 612 ποιήματα,
1027 535 1264 614 ἄροτρόν
1303 562 1366 596 τε
1409 538 1501 594 καὶ
1544 537 1711 617 ζυγὸν
1752 537 1846 595 καὶ

237 624 480 706 σάγαριν
520 625 614 683 καὶ
655 622 888 700 φιάλην,
916 625 1141 685 πεσέειν
1178 629 1233 688 ἐς
1269 623 1375 701 τήν
1415 624 1709 701 Σκυθικήν·
1754 625 1846 683 καὶ

236 717 345 773 τῶν
387 712 574 773 ἰδόντα
613 716 837 790 πρῶτον
873 712 975 773 τᾶν
1012 711 1431 790 πρεσβύτατον,
1480 711 1667 773 ἆσσον
1708 713 1845 773 ἰέναι

236 800 590 878 βουλόμενον
629 799 772 860 αὖτσῖ
811 802 1039 877 λαβεῖν·
1101 800 1200 861 τὸν
1240 800 1301 859 δὲ
1338 799 1555 880 χρυσόν
1595 801 1847 864 ἐπιόντος

240 889 516 949 καίεσθαι·
563 886 1030 967 ἀπαλλαχθέντος
1069 888 1132 947 δὲ
1170 887 1369 948 τούτου
1409 889 1703 967 προσιέναι
1743 889 1845 950 τᾶν

239 976 510 1054 δεύτερον,
539 977 633 1036 καὶ
670 976 773 1037 τᾶν
813 976 968 1040 αὖτις
999 975 1178 1036 ταῦτὰ
1217 977 1442 1037 ποιέειν·
1483 976 1614 1041 τοῦς
1638 980 1751 1054 μὲν
1777 977 1846 1053 δὴ

242 1063 534 1142 καιόμενον
559 1064 661 1126 τᾶν
696 1063 914 1144 χρυσὸν
948 1057 1307 1135 ἀπώσασθαι,
1334 1063 1500 1143 τρίτῳ
1526 1065 1586 1123 δὲ
1619 1068 1696 1143 τῷ
1721 1090 1846 1124 νεω-

239 1150 386 1232 τάτῳ
412 1152 707 1214 ἐπελθόντι
735 1154 1115 1229 κατασβῆναι·
1158 1153 1255 1211 καί
1269 1178 1367 1230 μιν
1387 1156 1595 1212 ἐκεῖνον
1616 1153 1849 1229 κομίσαι

242 1245 298 1304 ἐς
335 1245 554 1310 ἔω-υτοῦ,
598 1242 693 1300 καὶ
731 1241 860 1304 τοῦς
898 1241 1322 1319 πρεσβυτέρους
1360 1238 1670 1316 ἆδελφεοῦς
1707 1239 1849 1316 πρὸς

241 1332 414 1389 ταῦτα
441 1329 805 1411 συγγνόντας,
825 1328 930 1405 τὴν
948 1329 1268 1405 βασιληίην
1286 1332 1481 1389 πᾶσαν
1506 1328 1849 1405 παραδοῦναι

241 1420 318 1496 τῷ
341 1416 611 1496 νεωτάτῳ.
693 1417 840 1477 Ἀπὸ
891 1420 996 1494 μὲν
1052 1416 1123 1492 δὴ
1176 1416 1512 1487 Λειποξάῖος
1561 1416 1849 1498 γεγονέναι
1866 1418 1901 1475 6

243 1503 470 1569 τούτους
515 1509 626 1565 τῶν
664 1506 919 1570 Σκυθέων
951 1503 1006 1564 οἳ
1037 1502 1297 1583 Αὐχάται
1329 1505 1490 1586 γένος
1532 1505 1847 1565 καλέονται·

244 1592 355 1653 ιῖπὸ
398 1594 458 1653 δὲ
496 1597 598 1654 τοῦ
636 1595 819 1670 μέσου
857 1592 1195 1671 Ἀρποξάῖος
1238 1593 1294 1653 οἳ
1339 1593 1621 1670 Κατίαροί
1655 1619 1718 1653 τε
1758 1594 1851 1652 καὶ

245 1681 527 1759 Τράσπιες
581 1682 894 1743 καλέονται·
950 1680 1062 1741 ‹in-6
1119 1681 1179 1740 δὲ
1216 1685 1319 1741 τοῦ
1358 1681 1630 1742 νεωτάτου
1672 1679 1852 1740 αὐτῶν

246 1769 372 1834 τοῦς
413 1771 706 1845 βασιλῆας
738 1769 793 1829 οἳ
833 1769 1130 1829 καλέονται
1169 1769 1527 1847 Παραλάται·
1583 1767 1848 1845 σύμπασι

247 1857 305 1917 δὲ
331 1857 472 1918 εἶναι
498 1857 711 1935 οὕνομα
738 1857 1070 1926 Σκολότους,
1091 1861 1192 1917 τοῦ
1209 1858 1488 1934 βασιλέος
1515 1856 1844 1932 ἐπωνυμίην·

249 1945 465 2010 Σκύθας
491 1946 551 2004 δὲ
567 1943 848 2022 Ἕλληνες
880 1943 1222 2023 οὖνόμασαν.
1305 1945 1602 2026 Γεγονέναι
1626 1945 1731 2023 μέν
1756 1943 1903 2005 νύνΊ

248 2041 432 2111 σφεας
470 2031 576 2093 ὦδε
607 2034 845 2115 λέγουσι
870 2036 926 2093 οἱ
964 2033 1196 2095 Σκύθαι·
1239 2033 1363 2093 ἔτεα
1389 2034 1452 2092 δέ
1485 2039 1614 2109 σφι,
1645 2033 1769 2091 ἐπεί
1788 2058 1852 2093 τε

247 2121 533 2203 γεγόνασι,
561 2120 633 2181 τοὶ
670 2121 975 2199 σι’μπαντα
1001 2121 1240 2202 λέγουσι
1279 2119 1418 2180 εἶναι
1442 2119 1555 2181 ἅπὸ
1582 2123 1683 2180 τοῦ
1707 2118 1852 2198 πρῶ-

246 2236 347 2270 του
385 2212 676 2286 βασιλῆος
714 2209 1031 2291 Ταργιτάου
1073 2214 1130 2272 ἐς
1166 2208 1271 2285 τήν
1299 2208 1539 2285 Δαρείου
1560 2207 1854 2285 ’διάβασιν

247 2298 350 2375 τήν
377 2300 471 2357 ἐπὶ
497 2299 682 2375 σφέας
706 2299 906 2378 χιλίων
932 2296 996 2357 οὗ
1022 2297 1195 2367 πλέω,
1222 2294 1378 2355 ἅλλοῖ
1405 2299 1677 2356 τοσαῦτα.
1754 2296 1854 2357 τᾶν

249 2386 308 2446 δὲ
332 2386 551 2466 χρυσόν
575 2389 777 2448 τοῦτον
800 2384 900 2447 τᾶν
933 2384 1052 2463 ἶρόν
1079 2383 1455 2462 φυλάσσουσι
1482 2385 1536 2442 οἱ
1570 2385 1856 2461 βασιλῆες

251 2480 305 2539 ἐς
343 2475 414 2535 τὰ
449 2474 724 2552 μάλιστα,
754 2475 847 2534 καὶ
885 2474 1120 2553 θυσίῃσι
1158 2472 1448 2554 μεγάλῃσι
1490 2472 1855 2547 ἱλασκόμενοι

247 2564 614 2643 μετέρχονται
639 2562 746 2624 <ivd
770 2567 886 2624 πᾶν
912 2564 1050 2626 ἔτος·
1094 2561 1156 2626 ὃς
1182 2561 1228 2622 δ’
1256 2558 1325 2622 ἂν
1351 2562 1491 2641 ἔχων
1514 2560 1615 2621 τὸν
1638 2559 1858 2639 χρυσᾶν

248 2651 348 2712 τᾶν
391 2652 511 2729 ἶρόν
543 2656 602 2712 ἐν
639 2655 714 2730 τῇ
753 2651 893 2730 ὄρτῇ
931 2647 1225 2729 ὕπαίθριος
1265 2649 1666 2728 κατακοιμηθῇ,
1696 2645 1857 2711 οὗτος

249 2741 479 2822 λέγεται
510 2738 623 2799 fin&
665 2740 919 2804 Σκυθέων
957 2738 1021 2798 οὗ
1065 2739 1458 2810 διενιαυτίζειν·
1501 2737 1757 2798 δίδοσθαι
1797 2735 1862 2795 δέ

251 2831 306 2888 οἱ
332 2827 426 2889 διοὶ
455 2831 623 2889 τοῦτο
656 2826 771 2887 ὅσα
801 2825 870 2888 ἂν
903 2827 1051 2906 ἵππῳ
1083 2831 1144 2887 ἐν
1181 2825 1365 2905 ἧμέρῃ
1404 2829 1509 2906 μιῇ
1548 2823 1887 2906 περιελάσῃΒ

252 2914 440 2979 αὐτός·
506 2920 610 2992 τῆς
656 2915 717 2974 δὲ
762 2914 944 2995 χώρης
991 2914 1194 2989 ἐούσης
1239 2913 1508 2995 μεγάλης,
1554 2913 1862 2992 τριφασίας

250 3003 352 3067 τὰς
377 3003 694 3080 βασιληίας
718 3007 870 3063 τοῖσι
894 3003 1062 3062 παισὶ
1087 3004 1242 3061 τοῖσι
1269 3004 1470 3060 ἑωυτοῦ
1506 3002 1860 3077 καταστήσα-

241 3092 394 3160 ,σθαι
421 3090 732 3165 Κολάξαῖν,
762 3091 855 3149 καὶ
887 3089 1124 3149 τουτέων
1147 3088 1284 3165 μίαν
1321 3088 1598 3168 μεγίστην
1622 3092 1862 3162 ποιῆσαι

253 3184 314 3239 ἐν
337 3183 412 3258 τῇ
447 3178 548 3239 τόν
581 3178 800 3258 χρυσᾶν
837 3175 1268 3253 φυλάσσεσθαι.
1349 3174 1422 3234 τοὶ
1464 3175 1524 3233 δὲ
1550 3174 1858 3251 κατύπερθε

251 3267 396 3345 πρὸς
445 3268 634 3344 βορῆν
685 3266 920 3346 λέγουσι
981 3260 1188 3339 ἄνεμον
1237 3265 1349 3323 τῶν
1401 3261 1710 3339 ὑπεροίκων
1758 3265 1861 3336 τῆς
