2184 3517
277 112 502 178 82--84J
976 113 1207 162 mmo.
1816 115 1879 163 ιι

273 196 619 271 ραμείναντα
659 194 753 253 καὶ
787 192 1180 254 σκυλεύσαντα
1218 190 1349 255 τούς
1385 193 1601 254 ἐκείνων
1642 191 1881 270 νεκρούς.

272 283 443 345 τέλος
500 282 577 350 δὲ,
642 286 702 340 ἐκ
758 285 860 356 τῆς
916 281 1091 357 ἔριδος
1144 278 1527 357 συμπεσόντες
1587 279 1875 360 ἐμάχοντο·

271 370 566 430 πεσόντων
583 370 643 428 δὲ
669 370 762 427 καὶ
786 367 1118 445 ἀμφοτέρων
1141 371 1436 440 πολλῶν,’
1411 368 1597 428 ενίκων
1615 368 1880 426 Λακεδαι-

269 456 480 534 μόνιοι.
562 456 810 538 Ἀργεῖοι
859 456 966 533 μέν
1004 482 1102 516 νυν
1141 454 1254 514 οἷπὸ
1298 454 1499 515 τούτου
1539 459 1638 515 τοῦ
1677 454 1883 534 χρόνου

270 544 735 623 κατακειράμενοι
785 570 887 607 τας
937 543 1208 619 κεφαλὰς,
1258 542 1529 620 πρότερον
1581 543 1880 624 ἐπάναγκες

270 638 570 710 κομῶντες,
625 632 961 709 ἐποιήσαντο
1014 630 1188 708 νόμον
1236 656 1300 691 τε
1350 632 1442 689 καὶ
1485 630 1744 708 κατάρην,
1796 631 1878 708 μή

266 719 552 799 πρότερον
585 721 809 799 θρέψειν
841 718 1019 797 κόμην
1053 718 1321 800 Ἀργείων
1349 719 1575 796 μηδένα,
1607 719 1748 796 μηδὲ
1779 719 1880 782 τοῖς

267 808 541 888 γυναῖκάς
581 815 695 886 σφι
733 806 1210 887 χρυσοφορήσειν,
1243 806 1374 883 πρὶν
1401 805 1468 866 ἂν
1510 807 1719 884 Θυρέας
1750 806 1877 866 οἷνα-

267 895 594 957 σῶσωνται.
674 895 1119 972 Λακεδαιμόνιοι,
1156 895 1216 954 δὲ
1270 892 1341 956 τσΪ
1398 895 1616 955 ἐναντία
1671 894 1878 955 τούτων

270 984 465 1045 ἔθεντο
491 985 682 1063 νόμον,
707 982 771 1045 οὗ
799 983 907 1066 γὰρ
937 987 1211 1061 κομῶντες
1235 983 1347 1059 πρὸ
1373 981 1587 1051 τούτου,
1615 981 1725 1042 ἀπὸ
1751 982 1874 1042 τού-

266 1098 377 1132 του
403 1078 603 1150 κομᾶν.
683 1072 782 1133 τὸν
818 1072 877 1131 δὲ
909 1072 1004 1131 ἕνα
1038 1071 1275 1152 λέγουσι
1309 1068 1410 1130 τᾶν
1445 1070 1875 1146 περιλειφθέντα

267 1162 387 1219 τῶν
429 1162 779 1239 τριηκοσίων,
832 1157 1163 1237 Ὀθρυάδην,
1219 1156 1625 1237 αἰσχυνόμενον
1675 1155 1873 1217 ἀπονο·

268 1249 459 1310 στέειν
503 1254 559 1313 ἐς
604 1249 886 1327 Σπάρτην,
924 1250 1037 1307 τῶν
1085 1273 1140 1305 οι
1186 1245 1568 1324 συλλοχιτέων
1615 1244 1874 1322 διεφθαρ-

266 1338 469 1412 μένων,
507 1337 678 1397 αὐτοῦ
707 1362 806 1413 μιν
845 1340 904 1395 ἐν
941 1339 1079 1414 τῇσι
1119 1334 1367 1413 Θυρέῃσι
1408 1332 1876 1411 καταχρήσασθαι

270 1423 494 1485 ἑωυτόν.
576 1423 852 1484 Τοιούτων
878 1423 938 1482 δὲ
952 1426 1106 1482 τοῖσι
1122 1421 1562 1499 Σπαρτιήτῃσι’
1537 1420 1874 1482 ἐνεστεώτων
1891 1424 1970 1482 83

266 1511 617 1593 πρηγμάτων
639 1510 741 1589 ἧκε
766 1539 798 1572 ο
782 1510 1131 1587 ’Σαρδιηνος
1158 1509 1346 1586 κήρυξ,
1369 1509 1625 1584 δεόμενος
1644 1510 1873 1589 Κροίσω

266 1601 537 1676 βοηθέειν
555 1600 1019 1677 πολιορκεομένω·
1049 1624 1103 1658 οι
1084 1597 1231 1656 ’δὲ’
1200 1623 1349 1673 ομως
1375 1598 1497 1656 ἐπεί
1516 1623 1579 1657 τε
1606 1596 1873 1658 ἐπύθοντο

265 1692 374 1747 τοῦ
407 1688 657 1765 κήρυκος,
685 1687 927 1765 ὁρμέατο
956 1686 1237 1763 βοηθέειν·
1283 1686 1379 1745 καί
1414 1692 1526 1762 σφι
1560 1684 1667 1761 ἤδη
1704 1711 1872 1763 παρε-

267 1776 728 1854 σκευασμένοισι,
749 1775 842 1835 καὶ
871 1778 1006 1835 νεῶν
1026 1775 1264 1834 ἐουσέων
1285 1774 1529 1850 ἑτοίμων,
1551 1772 1693 1848 ἦλθε
1719 1773 1872 1852 αλλη

266 1863 528 1945 ἀγγελίη,
559 1864 631 1928 ὥς
653 1864 865 1940 ἦλωκοι
888 1863 956 1923 τό
993 1866 1180 1941 τεῖχος
1213 1888 1325 1922 των
1350 1862 1545 1921 Λυδῶν
1571 1863 1662 1920 καὶ
1688 1863 1870 1940 ἔχοιτο

268 1957 527 2028 Κροῖσος
565 1952 882 2033 ζωγρηθείς.
925 1951 1066 2011 οὕτω
1103 1950 1171 2026 δη
1209 1975 1362 2010 ουτοι
1400 1952 1520 2028 μὲν,
1567 1949 1871 2027 συμφορήν

264 2040 644 2117 ποιησάμενοι
667 2037 992 2121 μεγάλην,’
967 2039 1294 2099 επέπαυντο.

352 2127 586 2206 Σάρδιες
616 2128 676 2188 δὲ
710 2128 942 2203 ἥλωσαν
982 2124 1104 2185 ὧδε.
1193 2126 1381 2203 ἐπειδή
1416 2126 1867 2205 τεσσερεσκαιδε-
1886 2129 1964 2187 84

262 2215 413 2293 κάτη
456 2217 671 2298 ἐγένετο
706 2215 887 2292 ἡμέρη
920 2216 1366 2293 πολιορκεομένω
1398 2215 1645 2294 Κροίσω,
1684 2219 1869 2291 Κῦρος

261 2309 343 2384 τῇ
367 2309 608 2385 στρατιῇ
632 2308 704 2384 τῇ
734 2307 933 2362 ἑωυτοῦ
960 2303 1319 2382 διαπέμψαςε
1302 2303 1500 2366 ιππέας
1523 2307 1770 2379 προεῖπε,
1791 2307 1870 2382 τῷ

262 2392 466 2473 πρώτῳ
507 2392 768 2469 ἐπιβάντι
799 2396 921 2452 τοῦ
929 2391 1143 2470 τείχεος
1180 2391 1327 2467 δωρα.
1361 2389 1576 2449 δωσειν·
1632 2390 1775 2467 μετοὶ
1807 2391 1868 2450 δὲ

260 2485 451 2550 τοῦτο,
478 2480 889 2557 πειρησαμένης
914 2483 1013 2554 τῆς
1044 2482 1311 2556 στρατιῆς
1341 2476 1412 2542 αἷς
1444 2476 1508 2537 οὗ
1539 2478 1867 2557 προεχώρεε,

264 2569 505 2631 ἐνθαῦτα
529 2572 640 2628 τῶν
666 2567 856 2628 ἄλλων
891 2568 1269 2643 πεπαυμένων,
1298 2566 1435 2643 ἀνὴρ
1472 2566 1701 2643 Μάρδος
1727 2572 1868 2626 ἐπει-

257 2661 406 2734 ρᾶτο
450 2656 833 2734 προσβαίνων,
886 2659 962 2734 τῷ
1008 2654 1219 2732 οὕνομα.
1263 2653 1332 2731 ἦν
1368 2653 1673 2732 Ὑροιάδης,
1728 2655 1869 2715 κατοὶ

258 2747 431 2804 τοῦτο
460 2748 565 2820 τῆς
594 2743 931 2821 ἀκροπόλιος
970 2748 1042 2821 τῇ
1084 2742 1259 2806 οὐδεὶς
1298 2743 1555 2804 ἐτέτακτο
1587 2736 1866 2819 φύλακος·

260 2832 331 2891 οὗ
352 2831 466 2941 γάρ
491 2831 565 2908 ἦν
589 2831 768 2892 δεινόν
793 2830 933 2891 κατοὶ
957 2834 1126 2890 τοῦτο
1150 2830 1231 2907 μή
1259 2830 1377 2909 ἁλῷ
1402 2831 1550 2901 κοτέ·
1583 2830 1869 2909 ἀπότομός

255 2945 324 2980 τε
345 2920 460 3002 γάρ
489 2925 615 2981 ἐστι
637 2945 811 2998 ταυτῃ
836 2918 874 2995 ἦ
908 2917 1212 2995 ἀκρόπολις
1248 2920 1341 2979 καὶ
1371 2944 1606 2999 αμαχος·
1645 2923 1717 2995 τῇ
1743 2919 1868 2978 οὐδὲ

258 3009 492 3086 Μήλης,
534 3007 568 3070 ὅ
611 3006 884 3093 πρότερον
938 3005 1218 3084 βασιλευς
1264 3007 1527 3083 Σαρδίων,
1575 3031 1752 3084 μουνῃ
1798 3006 1866 3066 οὗ

254 3096 572 3174 περιήνεικε
595 3096 696 3157 τόν
719 3096 923 3156 λέοντα
954 3093 1053 3154 τόν
1080 3096 1135 3151 οἶ
1166 3092 1203 3168 ἦ
1233 3093 1564 3168 παλλακή”
1536 3118 1697 3162 ετεκε,
1726 3100 1864 3153 Τελ-

253 3185 532 3263 μησσέων
559 3182 903 3244 δικασάντων
931 3209 1002 3245 ως
1025 3180 1488 3259 περιενειχθέντος
1512 3183 1612 3238 τοῦ
1638 3181 1865 3245 λέοντος

252 3272 326 3333 τό
362 3276 547 3350 τεῖχος
585 3272 808 3332 ἔσονται
847 3268 1075 3347 Σάρδιες
1113 3265 1407 3325 ἀνάλωτοι.
1489 3265 1523 3326 ὅ
1560 3266 1620 3325 δὲ
1656 3268 1864 3344 Μήλης
