2184 3517
308 69 405 117 306
610 75 617 82 ’
924 67 1297 118 ἨΡΟΔΟΤΟΤ
1780 63 1909 128 [IV.

297 141 682 223 μαντεύονται·
709 144 803 205 καὶ
827 146 1068 227 λέγουσι
1091 143 1249 205 οὗτοι
1275 142 1349 208 ὥς
1371 141 1442 204 τδ
1464 143 1672 203 ἐπίπαν
1694 143 1910 220 μάλισ-

303 257 376 293 τα
404 231 568 302 τάδε,
582 231 654 296 ὥς
682 231 784 296 τὰς
814 233 1128 310 βασιληίας
1165 231 1349 295 ἶστίας
1384 229 1681 306 ἐπιόρκηκε
1717 230 1781 295 ὃς
1816 232 1913 291 καὶ

302 318 380 388 ὃς,
408 320 669 400 λέγοντες
706 324 816 380 τῶν
856 320 1043 380 α’στῶν
1083 319 1184 380 τόν
1222 317 1293 378 ἂν
1332 317 1401 392 δὴ
1437 318 1671 398 λέγωσι·
1713 317 1817 382 τοῖς
1848 319 1913 380 δὲ

300 407 613 485 βασιληίας
649 408 832 471 ἱστίας
867 407 1036 485 νόμος
1076 406 1332 485 Σκύθῃσι
1370 403 1444 465 τοὶ
1483 405 1746 481 μάλιστά
1783 410 1913 468 ἐστι

230 544 239 551 .
302 493 532 571 ὀμνύναι
574 494 720 565 τότε,
763 493 932 555 ε’πεοῖν
982 494 1084 555 τᾶν
1129 494 1404 574 μέγιστον
1449 493 1619 569 ὅρκον
1664 493 1912 554 ἐθέλωσι

303 580 553 659 ὀμνύναι·
594 582 791 642 αὐτίκα
822 583 883 641 δὲ
913 581 1359 658 διαλελαμμένος
1390 578 1586 661 ἄγεται
1619 576 1783 645 οὗτος
1806 581 1911 643 τδν

303 667 371 729 ἂν
405 669 474 744 δὴ
507 673 662 746 φῶσι
698 674 1049 747 ἐπιορκῆσαι·
1091 669 1402 750 ἀπιγμένον
1433 668 1493 727 δὲ
1519 668 1827 750 ἐλέγχουσι
1851 672 1911 730 οἳ

299 755 537 831 μάντιες,
566 756 638 821 ὥς
673 758 1012 835 ἐπιορκήσας
1047 759 1308 831 φαίνεται
1344 761 1404 816 ἐν
1435 761 1508 834 τῇ
1538 761 1781 836 μαντικῇ
1804 757 1910 822 τοῖς

300 845 615 921 βασιληίας
651 845 849 915 ἱστίας,
879 846 971 904 καὶ
1001 845 1094 904 διοὶ
1119 847 1297 904 ταῦτα
1322 842 1517 924 ἀλγέει
1541 842 1575 903 ὁ
1602 844 1908 920 βασιλεύς·

301 930 334 993 ὁ
376 932 437 992 δὲ
474 932 742 1011 ἀρνέεται,
785 931 852 994 οὗ
899 932 1150 1009 φάμενος
1196 935 1548 1008 ἐπιορκῆσαι,
1594 933 1691 992 καὶ
1736 932 1911 993 δεινο-

301 1021 578 1101 λογέεται·
620 1021 953 1099 α’ρνεομένου
992 1020 1054 1080 δὲ
1090 1019 1308 1090 τούτου,
1345 1019 1378 1080 ὁ
1416 1020 1700 1097 βασιλεῦς
1736 1045 1910 1097 μετα·-

300 1109 578 1186 πέμπεται
612 1107 875 1191 [ἄλλους]
909 1108 1242 1184 διπλησίους
1270 1106 1522 1184 μάντιας·
1559 1108 1659 1167 καὶ
1691 1105 1763 1184 ἢν
1799 1110 1911 1185 μέν

298 1221 398 1272 μιν
428 1198 523 1258 καὶ
553 1194 724 1267 οὗτοι,
752 1197 1081 1274 ἐσορέωντες
1114 1200 1170 1259 ἐς
1201 1195 1308 1271 τῆν
1341 1194 1631 1271 μαντικὴν,
1665 1196 1907 1273 καταδή-

302 1308 453 1346 σωσι
492 1288 843 1363 ἐπιορκῆσαι,
881 1287 985 1345 τοῦ
1023 1283 1085 1343 δὲ
1126 1283 1281 1347 ἰθέως
1317 1281 1425 1358 τῆν
1465 1282 1726 1358 κεφαλήν
1761 1283 1904 1345 οἷπο-

299 1371 576 1449 τάμνουσι
615 1373 709 1432 καὶ
745 1372 820 1433 τὰ
857 1372 1123 1451 χρήματα
1161 1369 1331 1430 αὗτοΰ
1364 1369 1815 1451 διαλαγχάνουσι
1845 1375 1905 1434 οἳ

300 1464 512 1536 πρῶτοι
547 1462 660 1521 τῶν
695 1459 958 1538 μαντίων·
1003 1457 1075 1535 ἦν
1113 1458 1175 1518 δὲ
1213 1461 1268 1518 οἳ
1307 1455 1639 1521 ἐπελθόντες
1676 1459 1906 1535 μάντιες

299 1545 651 1619 ἀπολύσωσι,
677 1546 848 1608 ἄλλοι
878 1546 1109 1625 πάρεισι
1137 1546 1376 1624 μάντιες,
1403 1545 1496 1604 καὶ
1520 1546 1682 1622 μάλα
1707 1546 1903 1608 ἄλλοι·

297 1631 368 1708 ἦν
394 1633 468 1695 ὧν
494 1638 549 1695 οἱ
573 1638 806 1703 πλεῦνες
829 1632 930 1695 τᾶν
953 1632 1246 1712 ἄνθρωπον
1271 1632 1624 1704 ἀπολύσωσι,
1643 1632 1904 1696 δέδοκται

296 1726 449 1785 τοῖσι
489 1722 763 1801 πρώτοισι
804 1725 916 1782 τῶν
961 1722 1204 1800 μαντίων
1242 1719 1466 1783 αὗτοῖσι
1511 1719 1904 1785 ἀπόλλυσθαι.

206 1810 280 1869 69
299 1808 623 1872 Ἀπολλῦσι
648 1810 791 1885 δῆτα
816 1808 1015 1874 αὗτοῦς
1038 1809 1228 1888 τρόπῳ
1252 1808 1462 1888 τοιῷδε·
1490 1808 1661 1870 ἐπεὰν
1680 1808 1906 1887 ἅμαξαν

299 1898 592 1979 φρυγάνων
629 1896 920 1974 πλήσωσι,
956 1899 1049 1958 καὶ
1085 1896 1432 1970 ὑποζεύξωσι
1469 1897 1632 1972 βοῦς,
1673 1899 1906 1976 ἐμποδί-

299 2009 498 2050 σαντες
526 1985 658 2050 τοὺς
690 1985 939 2063 μάντιας,
967 1986 1061 2046 καὶ
1084 1986 1255 2066 χέρας
1280 1984 1463 2045 ὀπίσω
1488 1984 1777 2060 δήσαντες,
1803 1989 1906 2049 καὶ

296 2073 708 2152 στομώσαντες,
724 2079 1079 2155 κατειργνῦσι
1099 2079 1156 2138 ἐς
1178 2073 1331 2151 μέσα
1355 2072 1429 2133 τὰ
1453 2071 1733 2155 φρύγανα·
1759 2074 1905 2137 ὕπο-

297 2160 612 2239 πρήσαντες
641 2162 704 2223 δὲ
737 2161 895 2232 αὐτοὶ,
921 2161 1141 2223 ἀπιεῖσι
1176 2159 1542 2237 φοβήσαντες
1576 2161 1708 2226 τούς
1729 2164 1904 2239 βοῦς·

294 2251 508 2311 πολλοὶ
535 2254 641 2329 μὲν
665 2250 734 2326 δή
769 2250 1277 2332 συγκατακαίονται
1299 2251 1454 2309 τοῖσι
1481 2248 1718 2325 μάντισι
1737 2251 1902 2327 βόες,

294 2341 508 2400 πολλοὶ
530 2340 592 2400 δὲ
617 2339 1070 2417 περικεκαυμένοι
1096 2335 1506 2418 ἀποφεύγουσι,
1523 2336 1693 2397 ἐπεοῖν
1715 2337 1906 2402 αὖτῶν

296 2424 329 2486 ὅ
353 2427 526 2504 ῥυμὸς
551 2428 892 2506 κατακαυθῇ.
948 2425 1337 2487 ,κατακαίουσι
1358 2424 1418 2484 δὲ
1435 2424 1625 2504 τρόπῳ
1648 2428 1726 2504 τῷ
1751 2430 1904 2505 εἴρη-

292 2515 440 2593 μένῳ
465 2515 559 2575 καὶ
582 2514 652 2576 δι’
677 2514 862 2578 ἄλλας
882 2514 1059 2578 αἰτίας
1076 2512 1206 2576 τούς
1223 2511 1473 2590 μάντιας,
1491 2512 1905 2589 ψευδομάντιας

295 2602 604 2666 καλέοντες.
683 2602 814 2666 τούς
848 2601 894 2660 δ’
931 2600 1000 2662 ἂν
1027 2601 1327 2678 ἀποκτείνῃ
1361 2598 1658 2676 βασιλεῦς,
1683 2599 1903 2664 τούτων

294 2686 421 2749 οὐδὲ
469 2688 598 2753 τοῦς
643 2689 846 2753 παῖδας
890 2691 1092 2751 λείπει·
1141 2688 1296 2749 ἀλλὰ
1342 2687 1526 2749 πάντα
1569 2686 1645 2749 τοὶ
1689 2689 1903 2767 ἔρσενα

293 2778 504 2846 κτείνει,
529 2777 602 2837 τοὶ
627 2777 688 2836 δὲ
713 2778 892 2853 θήλεα
917 2776 1018 2837 οὔκ
1044 2777 1268 2838 ἀδικέει.

198 2863 277 2922 70
361 2861 569 2937 Ὀρκια
611 2864 672 2923 δὲ
712 2866 996 2923 ποιεῦνται
1036 2865 1249 2929 Σκύθαι
1294 2861 1415 2935 ὧδε,
1456 2863 1603 2942 πρὸς
1645 2890 1776 2930 τους
1821 2864 1905 2928 ἂν

294 2949 602 3009 ποιέωνται·
644 2956 700 3014 ἐς
738 2949 940 3010 κύλικα
977 2950 1236 3031 μεγάλην
1275 2952 1572 3028 κεραμίνην
1612 2952 1830 3013 οἶνον’
1799 2980 1900 3035 εγ-

291 3033 530 3107 χέαντες,
549 3036 689 3112 αἷμα
707 3039 1102 3117 συμμίσγουσι
1118 3044 1229 3098 τῶν
1245 3038 1319 3099 τοὶ
1337 3038 1498 3115 ὅρκια
1515 3040 1896 3116 ταμνομένων,

291 3115 616 3188 τύψαντες’
584 3124 780 3183 οπέατι
804 3123 843 3198 ἢ
870 3123 1229 3200 ἐπιταμόντες
1252 3127 1503 3204 μαχαίρῃ
1529 3127 1770 3205 σμικρόν
1785 3132 1901 3186 τοῦ

294 3196 569 3270 σώματος·
625 3207 720 3263 καὶ
763 3209 952 3266 επειτα
990 3209 1395 3289 ἀποβάψαντες
1439 3217 1495 3276 ἐς
1537 3213 1645 3287 τὴν
1685 3212 1900 3275 κύλικα
