2184 3517
246 126 532 193 193-—199J
855 127 1307 178 MEAHOMENH.
1758 130 1851 175 359

247 207 602 288 κυματωγὴν,
645 205 922 283 ἐσβάντες
963 213 1019 270 ἐς
1056 207 1130 266 τοὶ
1170 208 1350 267 πλοῖα
1387 207 1586 284 τύφειν
1626 206 1856 268 καπνόν·

245 296 380 358 τούς
399 294 445 355 δ’
467 295 792 375 ἐπιχωρίους
819 295 1103 372 ἰδομένους
1126 294 1227 356 τᾶν
1248 294 1458 355 καπνόν
1475 296 1613 354 ἰέναι
1639 299 1731 354 ἐπὶ
1755 293 1860 371 τήν

248 382 576 459 θαλασσαν·
633 383 725 441 καὶ
789 383 979 442 ἔπειτα
1032 382 1157 443 οἷντὶ
1203 385 1315 443 τῶν
1359 383 1604 459 φορτίων
1643 383 1860 461 χρυσὸν

247 470 476 540 τιθέναι,
516 471 607 529 καὶ
639 470 1032 549 ἐξαναχωρέειν
1063 469 1266 548 πρόσω
1300 470 1414 530 οἷπὸ
1451 474 1563 531 τῶν
1596 472 1858 548 φορτίων·

247 556 382 622 τοῦς
412 558 472 617 δὲ
509 558 928 637 Καρχηδονίους
955 558 1231 636 ἐκβάντας
1258 559 1627 619 σκέπτεσθαι·
1672 559 1764 619 καὶ
1788 557 1858 636 ἢν

247 646 356 722 μὲν
410 647 682 722 φαίνηταί
730 651 845 721 σφι
885 645 1039 716 ἄξιος
1081 645 1115 706 ὁ
1163 646 1379 725 χρυσὸς
1430 650 1540 707 τῶν
1596 647 1860 725 φορτίων,

249 733 591 812 ἀπελόμενοι
611 734 1104 808 ἀπαλλάσσονται,
1130 733 1200 812 ἢν
1219 735 1280 795 δὲ
1299 734 1381 812 μή
1399 735 1566 805 ἄξιος,
1588 735 1864 812 ἐσβάντες

250 820 437 882 ὀπίσω
479 828 535 886 ἐς
575 823 649 882 ταῖ
690 827 867 882 πλοῖα
909 823 1189 882 κατέαται·
1250 826 1304 882 οἱ
1346 823 1404 882 δὲ
1451 823 1866 900 προσελθόντες

253 908 437 971 ἄλλον
477 911 619 988 πρὸς
658 910 731 972 ὧν
773 912 976 987 ἔθηκαν
1015 910 1251 990 χρυσὸν,
1296 915 1350 973 ἐς
1389 908 1454 970 οὗ
1494 907 1564 970 ἂν
1601 913 1860 972 πείθωσι·

252 997 491 1060 ἀδικέειν
518 1000 577 1058 δὲ
616 999 950 1076 οὐδετέρους·
995 998 1121 1059 οὔτε
1146 998 1258 1080 γὰρ
1290 998 1488 1062 ‹nh-0135
1512 1002 1613 1059 τοῦ
1646 1005 1865 1078 χρυσοῦ

253 1085 537 1147 ἅπτεσθαι
557 1088 688 1164 πρὶν
714 1087 783 1148 ἄν
810 1094 923 1163 σφι
944 1087 1211 1166 ἀπισωθῇ
1225 1090 1298 1166 τῇ
1319 1085 1446 1166 οἷξίῃ
1471 1092 1582 1148 τῶν
1604 1088 1864 1165 φορτίων,

257 1172 371 1234 οὔτ’
394 1176 630 1238 ἐκείνους
649 1180 759 1236 τῶν
780 1176 1027 1253 φορτίων
1048 1175 1329 1236 ἅπτεσθαι
1347 1174 1620 1252 πρότερον
1644 1174 1681 1252 ἢ
1710 1174 1866 1236 αὐτοὶ

253 1261 324 1321 τὸ
348 1264 586 1341 χρυσίον
615 1263 867 1339 λάβωσι.

344 1348 517 1410 Οὗτοι
551 1351 656 1428 μέν
697 1355 808 1410 εἶσι
837 1349 967 1415 τούς
999 1350 1161 1428 ἧμεῖς
1197 1353 1398 1430 ἔχομεν
1432 1349 1665 1427 Λιβύων
1702 1349 1823 1412 ὄνο-
1845 1353 1959 1410 197

255 1437 459 1515 μάσαι·
509 1439 602 1498 καὶ
640 1439 849 1500 τούτων
884 1442 937 1498 οἱ
968 1439 1183 1498 πολλοὶ
1213 1439 1494 1515 βασιλέος
1523 1442 1624 1499 τοῦ
1657 1438 1869 1514 Μήδων

260 1525 392 1586 οὔτε
412 1553 468 1586 τι
494 1530 590 1587 νῦν
618 1526 746 1587 οὔτε
769 1527 899 1588 τότε
927 1525 1255 1604 ἐφρόντιζον
1282 1525 1460 1587 οὐδέν·
1500 1525 1677 1587 τόσον
1703 1527 1763 1586 δὲ
1789 1526 1869 1588 ἔτι

261 1614 371 1693 ἔχω
397 1618 570 1676 εἰπεῖν
595 1616 724 1692 περὶ
749 1619 851 1691 τῆς
876 1614 1061 1694 χώρης
1084 1615 1305 1691 ταύτης,
1327 1613 1415 1674 ὅτι
1439 1616 1690 1692 τέσσερα
1709 1615 1870 1676 ἔθνεα

260 1703 485 1778 νέμεται
511 1703 684 1778 αὐτὴν
711 1703 804 1762 καὶ
829 1702 893 1763 οὗ
920 1703 1076 1762 πλέω
1095 1702 1319 1772 τούτων,
1343 1701 1484 1763 ὅσον
1509 1701 1670 1779 ἡμεῖς
1695 1703 1869 1780 ἴδμεν·

264 1791 356 1848 καὶ
381 1787 454 1850 ταῖ
480 1793 585 1867 μὲν
620 1789 719 1850 δύο
747 1790 1063 1869 αὐτόχθονα
1098 1794 1209 1850 τῶν
1237 1791 1449 1861 ἐθνέων,
1476 1789 1549 1850 τσῖ
1575 1791 1635 1849 δὲ
1661 1789 1759 1850 δύο
1787 1789 1872 1850 οὔ.

261 1878 476 1953 Λίβυες
499 1880 603 1954 μὲν
629 1878 722 1937 καὶ
748 1878 1012 1941 Αἰθίοπες
1045 1877 1397 1956 αὐτόχθονες,
1427 1882 1480 1938 οἶ
1504 1880 1610 1955 μὲν
1632 1876 1707 1939 τά
1733 1878 1874 1955 πρὸς

261 1965 450 2042 βορέω
492 1969 545 2024 οἳ
586 1966 645 2025 δὲ
683 1964 756 2025 τοὶ
794 1964 937 2042 πρὸς
976 1964 1142 2026 νότου
1181 1969 1283 2040 τῆς
1321 1966 1871 2043 Λιβύηςόἰκεόντες·

262 2054 514 2118 Φοίνικες
540 2054 600 2113 δὲ
631 2054 724 2113 καὶ
753 2054 1033 2131 ’Έλληνες
1070 2053 1359 2130 ἐπήλυδες.
1422 2055 1622 2114 Δοκέει
1648 2054 1711 2113 δέ
1732 2081 1873 2168 μοι*
1855 2057 1969 2116 198

266 2140 379 2201 οὐδ’
422 2142 623 2219 ἀρετήν
670 2143 816 2203 εἶναί
851 2169 936 2206 τις
981 2142 1020 2218 ἦ
1061 2140 1255 2218 Λιβύη
1302 2142 1598 2218 σπουδαίη,
1644 2142 1793 2204 ὥστε
1836 2141 1876 2220 ἦ

263 2223 495 2310 'wo-ly
461 2257 497 2306 η
522 2230 766 2310 Εύρῶπῃ
798 2231 1261 2308 παραβληθῆναι,
1287 2229 1443 2306 πλὴν
1469 2220 1718 2295 Κίνυπος
1742 2232 1877 2308 μού-

265 2343 381 2394 νης·
421 2345 488 2380 το
520 2345 631 2400 γαρ
667 2320 734 2395 δή
768 2344 903 2379 αυτο
943 2318 1157 2397 οὕνομα
1180 2318 1219 2394 ἦ
1245 2322 1322 2399 γῆ
1348 2322 1426 2397 τῷ
1465 2322 1702 2397 ποταμῶ
1736 2321 1872 2399 ἔχει·

268 2405 408 2483 αὕτη
450 2407 509 2466 δὲ
550 2407 718 2485 ὁμοίη
768 2411 841 2486 τῇ
883 2407 1090 2486 ἀρίστῃ
1130 2411 1273 2487 γεῶν
1297 2406 1618 2484 4Δήμητρος
1664 2409 1881 2485 καρπὸν

270 2495 542 2572 ἐκφέρειν,
568 2494 692 2554 οὐδὲ
713 2495 832 2555 οἶκε
853 2494 1010 2555 οὐδὲν
1028 2499 1102 2575 τῇ
1123 2493 1276 2574 ἄλλῃ
1297 2494 1508 2574 Λιβύῃ·
1536 2493 1881 2577 μελάγγαιός

268 2608 333 2641 τε
367 2581 479 2664 γάρ
520 2588 660 2657 ἐστι,
703 2583 796 2642 καὶ
837 2583 1069 2661 ἔπυδρος
1101 2583 1310 2654 πίδαξι·
1369 2583 1461 2642 καὶ
1493 2581 1621 2642 οὔτε
1654 2582 1878 2662 αὐχμοῦ

271 2672 652 2749 φροντίζουσα
686 2670 861 2746 οὐδὲν,
892 2670 1020 2731 οὔτε
1052 2670 1276 2748 ὄμβρον
1306 2671 1462 2731 πλέω
1487 2675 1702 2730 πιοῦσα
1728 2670 1882 2748 δεδή-

272 2762 460 2834 ληται·
517 2758 672 2819 ὕεται
713 2758 826 2840 γὰρ
874 2758 942 2835 δή
991 2763 1167 2819 ταῦτα
1210 2763 1311 2835 τῆς
1356 2758 1599 2836 Λιβύης·
1658 2762 1769 2820 τῶν
1821 2760 1882 2820 δὲ

274 2847 549 2924 ἐκφορίων
572 2850 674 2907 τοῦ
696 2851 910 2924 καρποῦ
937 2846 1113 2906 ταῦτοὶ
1138 2848 1316 2924 μέτρα
1340 2851 1412 2925 τῇ
1439 2848 1781 2926 Βαβυλωνίῃ
1800 2853 1879 2930 γῇ

275 2935 622 2994 κατίσταται.
721 2933 906 3014 ἆγαθη
962 2934 1021 2993 δὲ
1071 2939 1150 3014 γῆ
1206 2936 1297 2992 καὶ
1347 2934 1452 3010 τήν
1505 2935 1884 3013 Εὐεσπερῖται

275 3023 553 3100 νέμονται·
623 3022 709 3081 ἐπ’
757 3022 1035 3082 ἐκατοστοὶ
1086 3022 1213 3102 γὰρ,
1275 3022 1441 3083 ἐπεαν
1492 3023 1632 3101 αὐτή
1684 3028 1885 3100 ἑωυτῆς

276 3109 484 3187 ἄριστα
532 3111 729 3189 ἐνείκῃ,
784 3110 1026 3186 ἐκφέρει·
1095 3136 1132 3185 η
1190 3111 1249 3169 δὲ
1296 3116 1354 3170 ἐν
1399 3115 1469 3188 τῇ
1518 3113 1742 3183 Κίνυπι,
1795 3113 1886 3172 ἐπὶ

275 3197 593 3275 τριηκόσια.
652 3196 819 3277 Ἔχει
850 3198 909 3257 δὲ
951 3198 1042 3256 καὶ
1071 3196 1110 3273 ἦ
1146 3198 1435 3274 Κυρηναίη
1468 3197 1643 3277 χώρη,
1672 3205 1847 3261 ἐοῦσα
1866 3202 1979 3259 199
2051 3188 2066 3205 ⁸

276 3284 608 3364 ὑψηλοτάτη
664 3280 868 3362 τάύτης
929 3289 1031 3360 τῆς
1088 3285 1310 3363 Λιβύης
1365 3285 1470 3361 τήν
1518 3289 1572 3345 οἱ
1625 3287 1887 3362 Νομάδες
