2184 3517
252 84 482 151 63-68]
838 84 1292 138 ΜΕΛΠΟΜΕΝΗ.
1763 87 1859 136 305

252 164 474 224 πολλοὶ
508 164 569 224 δὲ
600 165 692 224 καὶ
732 162 901 229 ὅλους
932 163 1133 242 ἄνδρας
1164 165 1501 244 ἐκδείραντες
1542 165 1634 224 καὶ
1661 163 1857 224 διατεί-

257 277 452 315 ναντες
492 251 582 311 ἐπὶ
622 252 817 323 ξύλων,
863 251 948 312 ἐπ’
991 253 1172 313 ἵππων
1212 253 1602 330 περιφέρουσι.
1681 256 1861 312 ταῦτα

256 342 367 416 μὲν
387 339 453 414 δὴ
475 338 615 399 οὕτω
636 345 749 415 σφι
773 339 1115 417 νενόμισται.
1167 340 1353 404 Αύτάς
1379 341 1439 400 δὲ
1463 341 1563 403 τοῖς
1591 340 1858 416 κεφαλὰς,
1878 342 1952 400 65

259 425 329 486 οὔ
382 452 438 487 τι
488 425 709 488 πάντων
760 426 917 487 ἀλλὰ
955 431 1066 488 τῶν
1114 429 1404 537 ἐχθίστων,
1445 431 1671 488 ποιεῦσι
1709 427 1860 487 τάδε·

258 512 583 591 ἀποπρίσας
636 515 872 579 ἕκαστος
924 519 1039 575 πᾶν
1087 515 1155 577 τὰ
1211 517 1395 594 ἔνερθε
1450 519 1560 576 τῶν
1592 514 1860 603 ὀφρύων,

259 602 597 679 ἐκκαθαίρει·
639 603 733 661 καὶ
763 600 833 679 ἢν
871 606 976 680 μὲν
1014 602 1054 682 ᾖ
1096 604 1280 680 πένης,
1323 603 1356 664 ὁ
1396 605 1455 663 δὲ
1496 604 1694 674 ἔξωθεν
1719 629 1862 680 ωμο-

255 690 444 766 βοέην
490 689 702 767 μούνην
753 692 1062 768 περιτείνας
1116 718 1260 752 ουτω
1310 695 1534 771 χρᾶται·
1586 691 1656 768 ἢν
1709 690 1859 770 δὲῇ

256 776 558 849 πλούσιος,
595 778 698 853 τήν
730 781 835 855 μὲν
878 777 1176 856 ὠμοβοέην
1208 781 1516 857 περιτείνει,
1555 780 1762 840 ἔσωθεν
1802 780 1863 839 δὲ

257 865 696 946 περιχρυσῶσας
748 865 891 928 οὕτω
943 871 1148 946 χρᾶται
1200 870 1463 948 ποτηρίῳ·
1531 870 1755 928 ποιεῦσι
1802 867 1863 927 δὲ

257 957 433 1014 τοῦτο
459 955 552 1014 καὶ
579 960 640 1014 ἐκ
665 957 775 1014 τῶν
801 955 1037 1031 οἰκηίων,
1058 953 1129 1031 ἥν
1154 962 1267 1031 σφι
1294 955 1556 1032 διάφοροι
1580 956 1862 1036 γένωνται,

258 1042 364 1101 καὶ
397 1040 466 1119 ἢν
500 1042 847 1122 ἐπικρατήσῃ
879 1042 1047 1103 αὐτοῦ
1088 1042 1243 1120 παρὰ
1268 1047 1345 1122 τῷ
1377 1043 1636 1120 βασιλέϊ·
1678 1043 1866 1112 ξείνων

256 1130 335 1189 δέ
358 1133 411 1190 οἶ
437 1129 711 1192 ἐλθόντων
735 1135 845 1191 τῶν
871 1128 939 1190 ἂν
973 1130 1151 1212 λόγον
1186 1131 1457 1206 ποιέηται,
1485 1129 1586 1193 τοὶς
1612 1129 1866 1205 κεφαλὰς

255 1217 471 1282 ταύτας
495 1219 825 1297 παραφέρει,
855 1218 947 1278 καὶ
980 1219 1228 1299 ἐπιλέγει
1255 1216 1325 1281 ὥς
1365 1220 1419 1278 οἱ
1455 1217 1634 1281 ἐόντες
1667 1216 1866 1293 οἶκήῖοι

257 1304 522 1383 πόλεμον
564 1304 991 1383 προσεθήκαντο
1036 1307 1134 1365 καί
1183 1311 1378 1383 σφεων
1430 1304 1598 1368 αύτὸς
1640 1304 1866 1382 ἐπεκρά-

258 1417 427 1468 τησε·
465 1392 673 1469 ταύτην
696 1392 1072 1502 ἀνδραγαθίην
1113 1394 1393 1475 λέγοντες.
1465 1392 1660 1463 ‘Anas
1684 1393 1743 1453 δὲ
1766 1420 1866 1453 του
1840 1396 1957 1454 66

262 1484 517 1542 ἐνιαυτοῦ
546 1481 784 1542 ἑκάστου
819 1481 851 1541 ὅ
886 1481 1172 1560 νομάρχης
1204 1482 1439 1546 ἔκαστος
1469 1486 1528 1541 ἐν
1550 1485 1628 1560 τῷ
1664 1485 1866 1541 ἑωυτοῦ

262 1572 420 1648 νομῷ
451 1572 610 1649 κιρνᾷ
642 1573 890 1647 κρητῆρα
917 1569 1085 1639 οἴνου,
1113 1568 1207 1628 ἀπ’
1236 1567 1302 1630 οὗ
1328 1572 1556 1631 πίνουσι
1588 1595 1700 1631 των
1730 1571 1869 1634 Σκυ-

266 1656 410 1717 θέων
460 1657 617 1721 ὅσοις
656 1656 725 1718 ἂν
764 1656 957 1735 ἄνδρες
994 1658 1261 1735 πολέμιοι
1308 1657 1666 1736 α’ραιρημένοι
1715 1659 1866 1717 ἔωσι·

264 1748 421 1805 τοῖσι
448 1744 495 1806 δ’
528 1742 596 1806 ἂν
631 1746 711 1823 μή
751 1746 1204 1827 κατεργασμένον
1228 1744 1266 1824 ᾗ
1292 1751 1477 1817 τοῦτο,
1507 1745 1572 1805 οὗ
1611 1745 1867 1827 γεύονται

266 1837 371 1893 τοῦ
423 1833 573 1894 οἴνου
623 1833 841 1903 τούτου,
895 1832 1026 1892 ἀλλ’
1077 1832 1415 1911 ἠτιμωμένοι
1466 1832 1860 1895 ἀποκατέαται·

268 1918 479 1985 ὄνειδος
530 1921 594 1982 δέ
633 1922 751 1998 σφί
792 1926 917 1983 ἐστι
962 1922 1235 2002 μέγιστον
1279 1924 1467 1983 τοῦτο·
1525 1921 1653 1982 ὅσοι
1696 1922 1756 1982 δὲ
1801 1917 1869 1982 ἂν

268 2008 452 2070 αὐτῶν
478 2010 573 2070 καὶ
599 2009 775 2087 κάρτα
799 2008 1054 2073 πολλοῦς
1091 2008 1293 2087 ἄνδρας
1328 2008 1685 2086 οἷναιρηκότες
1721 2011 1869 2080 ἔωσι,

270 2094 429 2158 οὗτοι
456 2097 515 2157 δὲ
541 2096 745 2158 σύνδυο
774 2096 1001 2160 κύλικας
1029 2098 1263 2177 ἔχοντες,
1291 2098 1517 2157 πίνουσι
1542 2096 1707 2173 ὁμοῦ.

352 2184 597 2250 Μάντιες
628 2185 689 2245 δὲ
725 2186 979 2250 Σκυθέων
1012 2185 1124 2245 εἶσὶ
1160 2184 1389 2254 πολλοὶ,
1423 2184 1477 2243 οἳ
1510 2183 1872 2260 μαντεύονται
1889 2184 1964 2248 67

269 2273 540 2351 ῥάβδοισι
562 2274 795 2354 ἰτεΐνῃσι
812 2276 1074 2353 πολλῇσι
1090 2270 1212 2333 ὦδε·
1242 2271 1408 2332 ἐπεοῖν
1429 2272 1711 2348 φακέλους
1729 2272 1873 2349 ῥάβ-

272 2362 380 2422 δων
398 2362 681 2443 μεγάλους
706 2363 1029 2435 ἐνείκωνται,
1049 2361 1234 2425 θέντες
1252 2360 1435 2440 χαμαὶ
1455 2358 1873 2428 διεξελίσσουσι

273 2449 491 2513 αύτούς·
519 2451 613 2510 καὶ
637 2450 729 2509 ἐπὶ
752 2449 889 2526 μίαν
909 2448 1150 2525 ἑκάστην
1169 2449 1386 2527 ῥάβδον
1403 2447 1658 2517 τιθέντες,
1677 2448 1871 2508 θεσπί-

274 2540 455 2609 ζουσι·
476 2537 593 2616 ἇμα
608 2565 670 2600 τε
687 2539 946 2620 λέγοντες
958 2541 1136 2599 ταῦτα
1150 2536 1504 2599 συνειλέουσι
1518 2535 1617 2599 τοῖς
1630 2533 1877 2613 ῥάβδους

274 2626 476 2697 ὀπίσω,
492 2627 586 2686 καὶ
611 2626 764 2691 αὖτις
788 2624 930 2687 κατὰ
952 2625 1089 2704 μίαν
1113 2626 1442 2687 συντιθεῖσι·
1473 2624 1613 2701 αὕτη
1638 2624 1743 2701 μέν
1763 2629 1875 2700 σφι

274 2714 313 2789 ἦ
349 2715 588 2792 μαντικὴ
623 2715 873 2794 πατρωίη
909 2714 1054 2774 ἐστί·
1098 2718 1153 2774 οἶ
1188 2714 1248 2774 δὲ
1281 2713 1534 2791 Ἐνάρεες
1568 2712 1649 2795 [οἱ
1684 2709 1876 2790 οἷνδρό-

274 2801 458 2884 γυνοι]
482 2803 586 2881 τὴν
608 2802 949 2881 Ἀφροδίτην
974 2807 1087 2879 σφι
1111 2802 1349 2882 λέγουσι
1373 2801 1644 2879 μαντικήν
1670 2801 1876 2861 δοῦναι·

265 2889 523 2969 φιλύρης
555 2890 628 2954 ὧν
665 2893 850 2968 φλοιῷ
883 2888 1265 2967 μαντεύονται·
1308 2888 1476 2949 ἐπεὰν
1500 2889 1605 2965 τὴν
1632 2888 1877 2967 φιλύρην

272 2979 447 3058 τρίχα
482 2980 679 3059 σχίσῃ,
718 2977 1028 3038 διαπλέκων
1069 2982 1129 3036 ἐν
1165 2980 1319 3038 τοῖσι
1359 2975 1687 3037 δακτύλοισι
1724 2980 1881 3037 τοῖσι

278 3069 483 3127 ἑωυτοῦ
509 3068 601 3127 καὶ
627 3064 865 3126 διαλύων
889 3067 1021 3143 χρᾷ·
1057 3062 1267 3125 Ἐπεαν
1293 3064 1353 3123 δὲ
1377 3062 1715 3139 βασιλεῦς
1681 3091 1713 3123 ο
1742 3065 1879 3128 Σκυ·
1899 3064 1976 3124 68

278 3153 421 3215 θέων
456 3153 625 3235 κάμῃ,
650 3151 1071 3232 μεταπέμπεται
1105 3155 1215 3211 τῶν
1249 3149 1489 3227 μαντίων
1515 3148 1715 3227 ἄνδρας
1739 3154 1884 3226 τρεῖς

277 3239 411 3301 τοῦς
445 3240 863 3310 εὐδοκιμέοντας
894 3237 1168 3334 μάλιστα,
1201 3263 1257 3296 οι
1292 3234 1481 3361 τρόπω
1511 3239 1589 3313 τῷ
1623 3238 1886 3314 εἰρημένω
