2184 3517
285 119 511 184 σει-72]
881 121 1332 172 anommn.
1647 165 1653 172 .
1786 127 1878 179 307

284 197 568 281 ἀκινάκεα,
612 199 708 259 καὶ
753 198 992 271 &to-roffi,
1038 200 1132 260 καὶ
1174 198 1433 280 σάγαριν,
1475 199 1568 260 καὶ
1608 199 1880 264 ἀκόντιον·

286 286 460 346 ἔπεοὶν
489 287 549 346 δὲ
586 291 761 348 ταῦτα
797 287 1099 363 ποιήσωσι,
1142 286 1500 366 κατεύχονται
1538 287 1749 359 πολλοὶ,
1788 291 1881 351 καὶ

286 373 480 434 ἔπειτα
516 374 857 435 ἀποπίνουσι
889 374 1052 436 αὐτοί
1076 399 1140 436 τε
1164 379 1219 435 οἶ
1244 375 1310 435 τό
1338 374 1526 453 ὅρκιον
1550 375 1880 453 ποιεύμενοι,

287 462 384 521 καὶ
410 465 519 522 τῶν
545 463 825 539 ἑπομένων
850 465 905 522 οἶ
930 464 1206 524 πλείστου
1233 461 1398 533 ἄξιοι.

368 549 564 625 Ταφαὶ
593 550 654 609 δὲ
692 553 803 609 τῶν
832 551 1125 627 βασιλέων
1159 556 1218 612 ἐν
1250 552 1512 628 Γέρροισι
1545 550 1673 621 εἶσὶ,
1702 555 1758 614 ές
1789 550 1822 612 ὃ
1847 551 1880 611 ὅ
1897 551 1969 614 71

279 635 644 712 Βορυσθένης
668 641 793 697 ε’στι
816 637 1209 715 προσπλωτός.
1291 637 1542 706 ε’νθαῦτα,
1570 637 1735 698 ἐπεάν
1768 645 1882 716 σφι

279 720 544 801 ἀποθάνῃ
584 723 617 783 ὁ
653 723 949 799 βασιλεῦς,
982 722 1200 804 ὄρυγμα
1237 728 1343 806 γῆς
1381 723 1881 806 μέγα’ὄρύσσουσι

278 809 650 891 τετράγωνον·
690 813 913 889 ἑτοῖμον
953 811 1013 870 δὲ
1049 814 1216 871 τοῦτο
1254 812 1604 887 ποιήσαντες,
1631 811 1879 891 ἀναλαμ-

277 895 535 972 βάνουσι
566 897 666 958 τὸν
696 898 905 975 νεκρὰν,
935 899 1453 975 κατακεκηρωμένον
1473 900 1578 974 μὲν
1601 899 1668 960 τὰ
1695 904 1877 978 σῶμα,

277 982 396 1058 τήν
420 983 479 1043 δὲ
502 985 669 1060 νηδύν
695 984 1146 1065 ἀνασχισθεῖσαν
1171 987 1264 1046 καὶ
1288 986 1679 1063 καθαρθεῖσαν,
1699 989 1881 1064 πλέην

279 1072 528 1149 κυπέρου
579 1075 918 1151 κεκομμένου
968 1073 1063 1134 καὶ
1115 1072 1460 1151 θυμιήματος
1510 1075 1603 1133 καὶ
1654 1075 1881 1135 σελίνου

279 1159 610 1235 σπέρματος
645 1161 737 1220 καὶ
771 1159 1033 1236 ἀννήσου,
1066 1161 1519 1238 συνερραμμένην
1553 1159 1753 1232 ὀπίσω,
1786 1163 1879 1221 καὶ

280 1248 582 1322 κομίζουσι
618 1252 678 1308 ε’ν
711 1247 899 1327 ἀμάξῃ
935 1254 991 1313 ε’ς
1028 1249 1181 1308 ἄλλο
1217 1250 1389 1312 ἔθνος·
1432 1248 1486 1307 οἳ
1515 1248 1562 1308 δ’
1599 1246 1669 1309 ἂν
1702 1274 1876 1326 παρα-

279 1333 548 1403 δέξωνται
584 1337 924 1413 κομισθέντα
954 1336 1056 1397 τόν
1085 1336 1293 1414 νεκρὸν,
1319 1340 1543 1397 ποιεῦσι
1570 1336 1643 1397 τά
1676 1363 1782 1415 περ
1825 1341 1879 1397 οἱ

277 1421 590 1498 βασιλήῖοι
626 1423 854 1487 Σκύθαι·
900 1427 1002 1484 τοῦ
1041 1423 1179 1488 ὥτὸς
1216 1423 1645 1502 ἀποτάμνονται,
1684 1425 1879 1504 τρίχας

277 1511 703 1587 περικείρονται,
720 1511 1030 1590 βραχίονας
1047 1511 1490 1590 περιτάμνονται,
1509 1513 1766 1589 μέτωπον
1786 1513 1878 1572 καὶ

278 1598 416 1674 ῥῖνα
435 1598 906 1674 καταμύσσονται,
924 1599 1015 1658 διὰ
1039 1603 1142 1675 τῆς
1165 1625 1227 1661 τε
1248 1600 1543 1679 ἀριστερῆς
1567 1599 1733 1680 χερὸς
1757 1600 1878 1661 ὀϊσ-

278 1683 421 1748 τούς
453 1685 855 1761 διαβυνέονται·
898 1688 1148 1748 ε’νθεῢτεν
1180 1687 1242 1747 δὲ
1278 1689 1569 1766 κομίζουσι
1601 1694 1659 1748 ἐν
1689 1688 1876 1766 ἀμάξῃ

278 1770 391 1831 τᾶν
415 1773 573 1833 νέκυν
602 1777 703 1834 τοῦ
732 1775 1012 1850 βασιλέος
1042 1777 1099 1838 ἐς
1128 1773 1279 1835 ἄλλο
1306 1777 1461 1839 ἔθνος
1484 1779 1594 1836 τῶν
1619 1773 1876 1854 ἄρχουσι·

214 1914 220 1925 ,
280 1858 369 1939 (οἱ
394 1860 457 1919 δέ
473 1868 586 1937 σφι
611 1861 837 1923 ἕπονται
862 1867 919 1926 ἐς
940 1862 1072 1926 τούς
1095 1862 1365 1941 πρότερον
1382 1862 1605 1943 ἦλθον)
1633 1862 1800 1924 ε’πεοῖν
1818 1864 1880 1922 δὲ

280 1945 497 2012 πάντας
520 1949 859 2026 περιέλθωσι
880 1949 983 2011 τόν
1007 1949 1168 2011 νέκυν
1187 1950 1516 2028 κομίζοντες,
1535 1956 1593 2010 ἐν
1619 1951 1881 2029 Γέρροισι

283 2034 504 2114 ἔσχατα
530 2037 986 2115 κατοικημένοισί
1008 2041 1120 2099 εἰσι
1143 2041 1254 2099 τῶν
1273 2038 1468 2098 ε’θνέων
1484 2043 1595 2099 τῶν
1620 2037 1877 2118 ἄρχουσι,

283 2123 383 2181 καὶ
402 2128 460 2182 ἐν
475 2127 613 2204 τῇσι
629 2129 870 2204 ταφῇσι·
898 2126 991 2184 καὶ
1010 2127 1215 2196 ἔπειτα,
1231 2125 1400 2205 ε’πεάν
1419 2127 1590 2187 θέωσι
1603 2125 1701 2186 τὸν
1722 2126 1880 2187 νέκυν

283 2214 347 2268 ἐν
369 2213 505 2288 τῇσι
537 2210 746 2290 θήκῃσι
778 2213 870 2272 ε’πὶ
906 2212 1197 2289 στιβάδος,
1222 2212 1645 2290 παραπήξαντες
1674 2212 1881 2292 αἰχμαῖς

283 2297 440 2359 ἔνθεν
482 2300 575 2358 καὶ
617 2301 770 2361 ἔνθεν
810 2304 910 2360 τοῦ
954 2305 1165 2378 νεκροῦ,
1192 2300 1337 2370 ξύλα
1368 2299 1751 2376 ὖπερτείνουσι
1784 2300 1876 2359 καὶ

282 2385 474 2446 ἔπειτα
512 2387 636 2465 ῥιψὶ
676 2387 1172 2469 καταστεγάζουσι·
1214 2393 1274 2449 ε’ν
1313 2388 1373 2447 δὲ
1410 2392 1483 2467 τῇ
1522 2390 1697 2465 λοιπῇ
1731 2387 1877 2464 εὔρυ-

282 2475 460 2552 χωρίῃ
493 2478 594 2550 τῆς
625 2475 814 2552 θήκης,
838 2480 949 2536 τῶν
982 2476 1318 2536 παλλακέων
1347 2500 1411 2536 τε
1443 2475 1579 2553 μίαν
1613 2473 1877 2545 ἀποπνίξ-

285 2584 444 2624 αντες
476 2561 771 2634 θάπτουσι,
800 2563 893 2623 καὶ
926 2563 1025 2624 τὸν
1056 2562 1326 2643 οἰνοχόον,
1354 2564 1446 2623 καὶ
1479 2561 1760 2644 μάγειρον,
1788 2562 1883 2622 καὶ

287 2647 619 2726 ἶπποκόμον,
672 2651 766 2711 καὶ
823 2649 1095 2726 διήκονον,
1149 2653 1241 2710 καὶ
1299 2649 1732 2732 ἀγγελιηφόρον,
1788 2650 1879 2708 καὶ

286 2734 504 2807 ἵππους,
522 2739 612 2797 καὶ
635 2742 746 2798 τῶν
770 2736 961 2798 ἄλλων
981 2737 1239 2799 ἀπάντων
1258 2738 1537 2819 ἀπαρχὰς,
1556 2739 1649 2798 καὶ
1670 2737 1880 2815 φιάλας

282 2825 547 2902 χρυσέας·
594 2824 837 2906 (ἀργύρῳ
876 2826 937 2885 δὲ
977 2825 1135 2886 οὐδὲν
1175 2826 1302 2886 οὐδὲ
1339 2831 1535 2906 χαλκῷ
1570 2824 1880 2907 χρέωνται·)

281 2916 460 2971 ταῦτα
478 2912 539 2971 δὲ
563 2912 914 2989 ποιήσαντες,
933 2917 1106 2992 χοῦσι
1128 2912 1332 2977 πάντες
1356 2918 1522 2992 χῶμα
1537 2915 1699 2995 μέγα,
1718 2914 1880 2991 ἁμιλ-

282 2998 552 3076 λεῶμενοι
593 3002 684 3060 καὶ
723 3000 1166 3078 προθυμεόμενοι
1207 3000 1277 3063 ὦς
1315 3001 1586 3080 μέγιστον
1625 3006 1874 3076 ποιῆσαι.

281 3083 570 3148 Ἐνιαυτοῦ
610 3087 670 3146 δὲ
709 3088 1166 3165 περιφερομένου,
1196 3087 1349 3150 αὖτις
1387 3091 1611 3146 ποιεῦσι
1632 3080 1878 3147 τοιόνδε·
1900 3087 1974 3148 72

281 3173 565 3250 λαβόντες
597 3178 707 3234 τῶν
741 3177 955 3232 λοιπῶν
991 3173 1344 3249 θεραπόντων
1368 3173 1498 3236 τούς
1524 3171 1880 3248 ε’πιτηδεωτοί-

279 3285 431 3324 τους·
461 3261 540 3340 (οἱ
565 3260 628 3320 δέ
652 3265 765 3320 εἰσι
783 3260 996 3324 Σκύθαι
1022 3262 1286 3342 ἐγγενέες·
1313 3258 1468 3320 οὗτοι
1491 3258 1602 3340 γὰρ
1630 3258 1698 3335 δὴ
1726 3261 1883 3336 θερα·
