2184 3517
249 101 413 168 5—8]
887 103 1220 155 unsrun.
1756 105 1849 155 ιιι

238 182 514 258 ἐξήκοντα
547 181 772 244 στάδια.
830 182 971 243 οὕτω
997 180 1068 244 ἂν
1095 183 1293 259 εἴησαν
1318 182 1606 285 Αἰγύπτου
1629 182 1854 247 στάδιοι

239 263 527 334 ἑξακόσιοι
563 264 656 324 καὶ
692 264 1022 343 τρισχίλιοι,
1048 289 1117 324 το
1142 263 1297 342 παρὰ
1323 264 1646 325 θάλασσαν.
1724 264 1847 325 Ἐν·
1865 264 1904 328 'l

239 353 435 414 θεῦτεν
480 355 586 430 μὲν
638 352 732 411 καὶ
767 352 937 432 μέχρι
974 351 1381 417 Ἤλιουπόλιος
1434 358 1489 416 ἐς
1533 352 1638 429 τὴν
1679 352 1852 430 μεσό-

235 466 409 522 γαιαν
454 442 578 501 ἔστι
625 440 786 518 εὐρέα
827 440 1128 522 Αἴγυπτος,
1174 444 1349 500 εὀῦσα
1382 444 1546 501 πᾶσα
1582 439 1751 517 ὑπτίη
1787 466 1852 502 τε

235 528 335 589 καὶ
360 527 610 606 ἄνυδρος,
646 529 739 589 καὶ
766 527 904 591 ἰλύς.
974 527 1103 588 ἔστι
1142 527 1203 588 δὲ
1238 528 1366 594 ὁδὸς
1398 533 1454 593 ε’ς
1489 528 1594 605 τήν
1618 528 1846 590 Ἦλιού·

235 620 413 677 πολιν
465 616 579 677 dm}
640 616 942 693 θαλάσσης
996 615 1110 676 ἅνω
1166 614 1307 678 ἰόντι
1355 618 1732 696 παραπλησίη
1779 616 1849 679 πὶ

233 708 418 782 μῆκος
463 709 537 784 τῇ
580 705 644 776 ἐξ
679 704 957 782 Ἀθηνέων
999 703 1128 783 ὁδῷ,
1174 708 1248 784 τῇ
1287 703 1402 766 osv-3
1448 709 1559 766 τῶν
1599 705 1847 766 δυόδεκα

236 792 382 853 θεῶν
419 797 524 853 τοῦ
561 794 763 870 βωμοῦ
790 791 1049 871 φερούσῃ
1081 793 1137 856 ἔς
1169 817 1233 861 πε
1272 794 1467 854 Πίσαν
1497 794 1590 854 καὶ
1621 795 1712 855 ἐπὶ
1749 793 1850 856 τᾶν

235 879 375 956 νηὸν
402 884 509 941 τοῦ
536 881 672 945 Διός
700 885 803 941 τοῦ
833 880 1173 957 Ὀλυμπίου.
1255 881 1496 959 σμικρόν
1530 907 1589 942 τι
1625 881 1694 944 τδ
1734 882 1848 944 διά-

235 973 423 1047 φορον
449 968 598 1048 εὕροι
619 994 705 1034 τις
730 967 800 1031 ἂν
823 968 1189 1049 λογιζόμενος
1216 996 1328 1031 των
1353 969 1496 1032 οδῶν
1519 973 1756 1032 τουτέων
1779 997 1847 1034 το

231 1056 318 1133 μή
338 1057 471 1121 ἴσας
486 1062 666 1135 μῆκος
693 1056 849 1128 εἶναι,
877 1056 943 1129 οὔ
968 1057 1148 1118 πλέον
1171 1059 1565 1119 πεντεκαίδεκα
1584 1059 1842 1120 σταδίων

231 1170 271 1220 η
298 1148 405 1223 μὲν
428 1146 541 1227 γοὶρ
578 1150 633 1210 ε’ς
673 1145 868 1206 Πίσαν
900 1145 964 1216 ἐξ
984 1144 1263 1223 Ἀθηνέων
1298 1146 1529 1207 καταδεῖ
1562 1148 1843 1208 πεντεκαίσ

230 1232 371 1292 δεκα
397 1234 657 1304 σταδίων,
685 1233 758 1298 ὥς
791 1259 879 1312 μη
917 1232 1058 1294 εἶναι
1086 1233 1472 1296 πεντακοσίων
1506 1235 1601 1294 καὶ
1630 1235 1849 1313 χιλίων·

230 1320 273 1397 ἤ
306 1322 368 1382 δὲ
401 1327 458 1386 ε’ς
490 1320 867 1383 Ἡλιούπολιν
905 1319 1019 1383 οἷπό
1061 1321 1366 1400 θαλάσσης
1402 1325 1619 1401 πληροῖ
1656 1327 1712 1387 ἐς
1747 1323 1848 1386 τᾶν

231 1408 482 1487 αριθμόν
523 1413 735 1472 τοῦτον.
806 1408 953 1471 Ἀπο
995 1410 1056 1470 δὲ
1092 1409 1502 1475 Ἡλιουπόλιος
1539 1437 1652 1473 ανω
1693 1410 1845 1484 ἰόντι,
1863 1414 1902 1473 8

232 1497 436 1575 στεινή
474 1502 601 1559 ε’στι
648 1500 951 1581 Αἴγυπτος.
1017 1502 1094 1579 τῇ
1135 1500 1242 1577 μὲν
1285 1525 1397 1582 γαρ
1435 1525 1539 1578 της
1573 1499 1850 1579 Ἀραβίης

232 1585 367 1664 ὅρος
414 1588 811 1666 παρατέταται,
848 1588 1026 1665 φέρον
1066 1586 1163 1647 ἀπ’
1206 1586 1413 1666 ἅρκτου
1450 1588 1592 1700 πρός
1628 1614 1847 1668 μεσαμ-

232 1675 409 1754 βρίης
435 1701 502 1737 τε
533 1676 627 1736 καὶ
657 1674 840 1749 νότου,
867 1676 977 1736 αἰεὶ
1007 1674 1120 1737 ἅνω
1145 1679 1327 1738 τεῖνον
1353 1681 1409 1740 ε’ς
1436 1678 1542 1754 τὴν
1566 1676 1847 1756 Ἐρυθρὴν

233 1765 583 1843 καλεομένην
621 1763 945 1826 θάλασσαν·
1000 1768 1061 1825 ἐν
1096 1767 1176 1845 τῷ
1215 1767 1276 1825 αἰ
1317 1765 1639 1845 λιθοτομίαι
1678 1767 1847 1827 ἔνεισι

231 1855 293 1913 αἰ
333 1856 395 1917 ἐς
430 1852 537 1917 τὰς
573 1853 889 1931 πυραμίδας
919 1854 1364 1931 κατατμηθεῖσαι
1396 1854 1498 1920 τοὶς
1529 1859 1588 1916 ἐν
1618 1855 1844 1933 Μέμφι.

229 1938 411 2019 ταύτῃ
435 1943 542 2018 μὲν
564 1944 749 2023 λῆγον
781 1939 1130 2018 ἀνακάμπτει
1156 1946 1214 2006 ε’ς
1251 1941 1325 2003 τὰ
1357 1943 1570 2020 εἴρηται
1601 1943 1668 2004 τὰ
1694 1942 1842 2021 ὅρος·

230 2033 304 2108 τῇ
330 2029 394 2090 δὲ
418 2027 555 2089 αὖτὸ
584 2032 785 2090 ἑωυτοῦ
816 2029 942 2090 ε’στὶ
965 2028 1337 2107 μακρότατον,
1379 2030 1452 2096 οἷς
1476 2030 1586 2113 ε’γῶ
1612 2032 1844 2093 ἐπυνθα-

230 2117 429 2196 νόμην,
484 2117 584 2178 δύο
621 2121 811 2196 μηνῶν
862 2116 999 2178 αὐτὰ
1040 2117 1180 2178 εἶναι
1230 2122 1333 2195 τῆς
1372 2118 1505 2180 ὁδοῦ
1558 2119 1671 2182 α’πὸ
1711 2119 1847 2197 ἠοῦς

231 2207 377 2284 πρός
415 2206 678 2284 ἑσπέρην·
730 2204 805 2267 τοὶ
857 2205 918 2266 δὲ
954 2206 1099 2286 πρός
1133 2206 1240 2283 τήν
1276 2207 1360 2284 ἠῶ
1405 2208 1845 2286 λιβανωτοφόρα

232 2294 410 2356 αὐτοῦ
448 2293 521 2355 τοὶ
572 2295 823 2373 τέρματα
870 2293 1023 2356 εἶναι.
1108 2298 1279 2357 τοῦτο
1316 2295 1423 2372 μέν
1474 2321 1572 2356 νυν
1608 2295 1677 2356 τό
1717 2294 1847 2374 ὄρος

232 2387 462 2445 τοιοῦτο
503 2382 643 2444 ε’στί.
724 2382 794 2445 τὰ
837 2382 899 2444 δὲ
946 2381 1092 2463 πρδς
1133 2382 1358 2461 Λιβύης
1397 2386 1500 2460 τῆς
1540 2382 1843 2464 Αἰγύπτου,

232 2470 362 2548 ὅρος
386 2470 541 2532 ἄλλο
564 2471 825 2551 πέτρινον
848 2470 1015 2533 τείνει
1049 2476 1110 2532 ἐν
1135 2475 1214 2552 τῷ
1239 2473 1299 2532 αἰ
1323 2471 1628 2550 πυραμίδες
1654 2471 1840 2544 ἔνεισι,

232 2559 449 2640 ψάμμαν
490 2560 900 2638 κατειλυμένον,
942 2560 1244 2638 τεταμένον
1286 2560 1387 2622 τᾶν
1426 2559 1595 2621 αὐτον
1634 2559 1844 2638 τρόπον

231 2672 330 2710 τον
355 2649 454 2708 καὶ
477 2651 579 2709 τοῦ
603 2646 881 2726 Ἀραβίου
911 2647 984 2709 τοὶ
1008 2674 1153 2726 προς
1181 2649 1550 2727 μεσαμβρίην
1576 2649 1837 2728 φέροντα.

231 2760 298 2797 το
333 2736 409 2797 ὦν
445 2736 515 2812 δὴ
556 2735 670 2797 οἷπο
700 2735 1109 2801 Ἡλιουπόλιος
1145 2735 1330 2797 ουκέτι
1367 2736 1590 2799 πολλὰν
1617 2739 1839 2818 χωρίον,

234 2851 304 2889 ως
330 2824 473 2886 εἶναι
497 2824 805 2907 Αἰγύπτου·
846 2822 978 2884 ἀλλ’
1010 2822 1152 2885 ὅσον
1180 2850 1246 2885 τε
1274 2824 1522 2903 ἡμερέων
1559 2826 1843 2905 τεσσέρων

232 2911 527 2975 ἀναπλόου
577 2911 772 2989 στεινή
826 2917 968 2985 ἐστι,
1021 2912 1306 2995 Αἴγυπτος
1358 2917 1552 2973 εὀῧσα·
1618 2917 1730 2987 τῶν
1781 2915 1842 2974 δὲ

232 2999 439 3081 οὖρέων
488 3003 602 3061 τῶν
653 3001 951 3078 εἰρημένων
993 2999 1063 3062 τὰ
1105 3000 1312 3078 μεταξι)
1353 3000 1546 3065 πεδιὰς
1595 3002 1700 3078 μὲν
1742 3005 1836 3082 γῆ·

229 3089 457 3151 στάδιοι
490 3088 552 3149 δὲ
580 3087 839 3167 μάλιστα
870 3088 1092 3150 ε’δόκεόν
1121 3113 1222 3166 μοι
1257 3087 1411 3158 εἶναι,
1447 3092 1519 3166 τῇ
1559 3086 1841 3149 στεινότα-

228 3176 326 3239 τόν
352 3182 502 3248 ε’στι,
543 3176 842 3254 διηκοσίων
877 3176 943 3236 οὔ
972 3175 1201 3238 πλείους
1235 3179 1296 3234 ἐκ
1327 3178 1428 3234 τοῦ
1449 3174 1726 3253 Ἀραβίου
1751 3174 1841 3237 οὕ-

231 3290 356 3344 ρεος
383 3269 441 3328 ἐς
464 3262 534 3327 τδ
556 3262 815 3342 Λιβυκόν
838 3261 1198 3339 καλεύμενον·
1239 3260 1307 3321 τό
1328 3261 1389 3320 δὲ
1415 3261 1663 3322 ἐνθεῦτεν
1688 3261 1843 3327 αὖτις
