2184 3517
251 90 534 156 105—108]
910 92 1179 144 θΑΔΕῘᾹ.
1757 97 1853 144 253

247 175 533 248 ποταμῶν,
565 169 600 231 ὀ
640 171 717 242 δὲ,
751 170 943 250 ὥσπερ
983 173 1257 250 ἐσήμηνα,
1300 171 1698 252 ἁρπαζόμενος.
1779 172 1854 236 τὰ

249 259 310 319 δὲ
361 259 588 337 δένδρεα
638 259 711 320 τοὶ
755 257 923 340 ἄγρια
969 259 1166 320 αύτόθι
1219 262 1381 339 φέρει
1428 261 1643 339 καρπόν
1697 262 1855 340 εἴρια,

250 351 502 426 καλλονῇ
547 373 613 407 τε
663 348 1024 425 προφέροντα
1070 348 1163 407 καὶ
1216 348 1388 428 α’ρετῇ
1434 354 1545 410 τῶν
1592 349 1704 409 οἷπό
1745 355 1856 410 τῶν

248 434 396 495 ὀΐων·
466 436 560 494 καὶ
608 436 809 512 ἐσθῆτι
858 439 912 495 oz
961 434 1130 496 Ἰνδοὶ
1178 435 1291 498 άπό
1336 437 1546 507 τούτων
1588 442 1699 498 τῶν
1741 438 1855 498 δεν-

248 521 425 599 δρέων
463 524 754 602 χρέωνται.
838 522 999 601 Πρός
1024 524 1070 583 δ’
1098 522 1168 583 αὖ
1190 527 1559 636 μεσαμβρίης
1600 526 1815 611 ἐσχάτη
1836 525 1948 590 107

246 608 497 687 Ἀραβίη
539 615 653 671 τῶν
689 612 1015 687 οἷκεομένων
1056 613 1278 690 χωρέων
1313 613 1454 672 ἐστί·
1498 618 1556 673 ἐν
1592 613 1653 672 δὲ
1681 613 1857 694 ταύτῃ

247 698 571 773 λιβανωτός
622 699 688 760 τέ
744 704 870 760 ἐστι
919 698 1098 777 μούνῃ
1160 700 1382 778 χωρέων
1438 702 1665 761 πασέων
1718 701 1855 777 φυό-

246 811 432 862 μενος,
496 788 589 846 καὶ
642 786 882 866 σμύρνη,
932 788 1024 846 καὶ
1083 789 1273 863 κασίη,
1327 788 1420 847 καὶ
1488 788 1855 866 κιννάμωμον,

247 874 341 933 καὶ
395 874 663 952 λήδανον.
742 880 921 936 ταῦτα
973 875 1174 947 πάντα,
1229 875 1384 952 πλὴν
1433 881 1537 953 τῆς
1588 876 1855 955 σμύρνης,

246 961 565 1027 δυσπετέως
590 964 850 1025 κτέωνται
876 967 931 1023 οἱ
954 962 1239 1042 Ἀράβιοι.
1319 962 1420 1024 τόν
1443 965 1549 1041 μέν
1582 989 1650 1046 γε
1684 967 1855 1041 λιβα-

245 1050 422 1111 νωτόν
466 1052 837 1134 συλλέγουσι,
870 1052 977 1129 τήν
1018 1052 1273 1129 στύρακα
1317 1053 1617 1127 θυμιῶντες
1654 1051 1759 1127 τὴν
1800 1057 1858 1118 ἐς

236 1136 529 1216 ’Έλληνας
554 1141 803 1204 Φοίνικες
828 1139 1114 1221 ἐξάγουσι·
1154 1140 1361 1216 ταύτην
1389 1141 1687 1216 θυμιῶντες
1711 1144 1856 1215 λαμ·

244 1226 516 1301 βάνουσι·
567 1227 640 1287 τὰ
680 1228 793 1309 γάρ
828 1228 1056 1306 δένδρεα
1091 1233 1273 1289 ταῦτα
1300 1227 1372 1288 τοὶ
1414 1227 1857 1306 λιβανωτοφόρα

246 1312 410 1389 ὄφιες
457 1313 782 1394 ὑπόπτεροι,
828 1316 1018 1394 μικροὶ
1063 1316 1137 1376 τά
1176 1316 1441 1397 μεγάθεα,
1489 1316 1740 1375 ποικίλοι
1780 1315 1853 1376 ταῖ

248 1402 413 1473 εἴδεα,
469 1403 862 1480 φυλάσσουσι,
914 1403 1127 1481 πλήθεΐ
1182 1404 1396 1464 πολλοὶ
1450 1404 1581 1482 περὶ
1631 1403 1855 1481 δένδρον

246 1490 509 1553 ἕκαστον·
550 1490 706 1554 οὗτοι
731 1494 891 1571 οἷπερ
918 1492 1003 1553 ἐπ’
1028 1494 1319 1575 Αἴγυπτον
1345 1492 1853 1571 ἐπιστρατεύονται·
1900 1529 1919 1535 ·

247 1578 430 1640 ούδενὶ
472 1581 556 1656 δὲ,
575 1579 737 1661 ἄλλῳ
780 1579 1190 1644 ἀπελαύνονται
1221 1580 1335 1642 ‹in-<3
1370 1585 1480 1642 τῶν
1512 1581 1786 1658 δενδρέων,
1816 1580 1855 1658 ἢ

244 1672 348 1743 τῆς
399 1668 679 1747 στύρακος
721 1673 800 1748 τῷ
853 1674 1060 1749 καπνῷ.
1142 1670 1394 1751 Λέγουσι
1440 1670 1502 1730 δὲ
1549 1670 1642 1729 καὶ
1686 1669 1814 1730 τόδε
1834 1671 1949 1732 108

246 1753 530 1833 Ἀράβιοι,
584 1757 660 1822 ὦς
711 1761 875 1818 πᾶσα
916 1755 986 1818 ἂν
1029 1762 1109 1840 γῆ
1162 1757 1485 1835 ἐπίμπλατο
1524 1761 1636 1817 τῶν
1676 1756 1855 1833 ὀφίων

245 1844 473 1917 τούτων,
504 1849 553 1905 εἷ
577 1872 658 1943 μη
691 1846 952 1954 γίνεσθαι
985 1846 1104 1905 κατ’
1131 1844 1330 1909 αὐτοῦς
1362 1844 1483 1906 οἶόν
1505 1871 1563 1906 τι
1589 1844 1731 1905 κατὰ
1753 1844 1856 1909 τοῖς

250 1933 470 2011 ἐχίδνας
506 1933 835 2011 ἠπιστάμην
869 1934 1142 2015 γίνεσθαι.
1229 1934 1328 1993 καί
1360 1958 1465 1997 κως
1498 1937 1600 1993 τοῦ
1634 1931 1853 1994 θείου“
1814 1959 1853 2009 η
1916 1937 1927 1953 “

247 2022 501 2131 προνοίη,
550 2047 741 2098 ωσπερ
784 2023 878 2082 καὶ
919 2021 1068 2085 οἶκός
1105 2027 1245 2094 ἐστι,
1290 2026 1465 2082 ἐοῦσα
1505 2020 1686 2098 σοφή·
1740 2020 1855 2082 ὅσα

248 2111 351 2183 μὲν
394 2109 508 2191 γάρ
554 2110 744 2189 ψυχήν
783 2135 849 2170 τε
889 2109 1068 2170 δειλοὶ
1089 2112 1184 2170 καὶ
1238 2110 1491 2186 ἐδώδιμα,
1534 2114 1712 2170 ταῦτα
1750 2111 1855 2186 μὲν
1945 2160 1961 2169 ⁴
1984 2167 2009 2205 f

247 2196 435 2257 πάντα
474 2197 768 2279 πολύγονα
820 2198 1138 2275 πεποίηκεν,
1181 2199 1270 2258 ἵνα
1321 2198 1403 2275 μὴ
1448 2197 1680 2276 ἐπιλίπῃ
1724 2223 1854 2257 κατ·
1953 2210 1985 2275 (²

249 2283 573 2362 εσθιόμενα·
614 2285 728 2346 ὅσα
767 2286 828 2345 δὲ
861 2287 1106 2366 σχέτλια
1147 2286 1239 2346 καὶ
1278 2285 1493 2362 ἀνιηρά,
1527 2284 1850 2366 ὀλιγόγονα.
1906 2246 1951 2377 (1,

246 2377 420 2434 τοῦτο
444 2376 565 2451 μὲν,
593 2372 681 2435 ὅτι
705 2373 738 2436 ὀ
764 2375 942 2456 λαγός
966 2373 1076 2435 ὖπό
1106 2373 1312 2436 παντὸς
1340 2372 1627 2450 θηρεύεται
1658 2373 1854 2450 θηρίου

250 2463 347 2521 καὶ
395 2462 613 2540 ὄρνιθος
654 2463 749 2523 καὶ
789 2463 1100 2541 ἀνθρώπου,
1148 2462 1290 2523 οὕτω
1332 2461 1401 2537 δή
1442 2487 1500 2521 τι
1537 2460 1856 2542 πολύγονόν

250 2555 399 2610 ἐστι·
454 2551 833 2613 ἐπικυΐσκεται
872 2556 1081 2630 μοῦνον
1116 2551 1336 2612 πάντων
1373 2551 1593 2628 θηρίων·
1652 2550 1744 2610 καὶ
1782 2549 1850 2610 τὰ

249 2640 355 2715 μὲν
380 2638 526 2699 δασΰ
562 2644 673 2701 τῶν
696 2642 899 2702 τέκνων
926 2645 984 2701 ἐν
1013 2644 1087 2720 τῇ
1112 2641 1339 2721 γαστρὶ,
1365 2638 1434 2699 τό
1469 2639 1529 2698 δὲ
1563 2636 1754 2718 ψιλόν,
1780 2638 1849 2698 τό

250 2727 312 2786 δὲ
337 2725 467 2805 ἅρτι
503 2732 562 2788 ἐν
599 2733 737 2808 τῇσι
770 2727 1024 2808 μήτρῃσι
1063 2726 1408 2798 πλάσσεται,
1433 2725 1502 2788 τὰ
1544 2727 1606 2787 δὲ
1639 2726 1854 2806 ἀναιρέ-

253 2840 391 2874 εται·
432 2820 598 2876 τοῦτο
638 2820 742 2894 μὲν
777 2817 845 2893 δὴ
881 2816 1104 2877 τοιοῦτό
1141 2822 1277 2877 ἐστι.
1361 2815 1400 2892 ἦ
1438 2816 1497 2876 δὲ
1532 2815 1602 2893 δή
1637 2816 1851 2885 λέαινα,

252 2902 348 2964 ἐόν
385 2905 757 2984 ἰσχυρότατον
795 2906 889 2965 καὶ
929 2904 1298 2983 θρασύτατον,
1338 2903 1494 2973 ἅπαξ
1532 2908 1590 2962 ἐν
1626 2908 1703 2980 τῷ
1741 2903 1856 2982 βίῳ

251 2992 428 3052 τίκτει
467 2993 544 3067 ἓν·
584 2991 856 3053 τίκτουσα
884 2992 997 3075 γάρ
1034 2992 1416 3069 συνεκβάλλει
1449 2995 1527 3069 τῷ
1558 2991 1730 3069 τέκνῳ
1754 2990 1855 3054 τὰς

253 3079 490 3159 μήτρας·
548 3080 616 3141 τό
659 3081 721 3141 δὲ
773 3081 950 3141 αἴτιον
992 3079 1194 3141 τούτου
1232 3079 1360 3139 τόδε
1408 3079 1550 3139 ἐστί·
1614 3077 1780 3139 ἐπεάν
1821 3078 1855 3139 ὀ

254 3168 504 3246 σκύμνος
541 3173 603 3228 ἐν
638 3173 712 3247 τῇ
748 3166 934 3245 μήτρῃ
971 3167 1074 3228 ἐῶν
1098 3165 1340 3246 ἄρχηται
1372 3165 1788 3244 διακινεόμενος,
1823 3165 1858 3227 ὀ

254 3255 317 3315 δὲ
357 3258 498 3336 ἔχων
536 3255 743 3335 ὄνυχας
781 3256 984 3332 θηρίων
1023 3254 1247 3321 πολλόν
1285 3253 1505 3315 πάντων
1541 3252 1857 3325 ὀξυτάτους,
