2184 3517
352 114 448 160 330
964 109 1334 159 ἨΡοΔοΤοΤ
1842 108 1966 173 [Ν.

351 188 457 265 τήν
497 188 762 266 Νευρίδα·
817 187 1257 267 ταρασσομένων
1299 189 1360 248 δὲ
1400 189 1494 248 καὶ
1531 186 1763 258 τούτων,
1800 186 1975 262 ἤϊσαν

351 277 768 358 ὑποφεύγοντες
795 280 849 336 οἱ
878 277 1089 342 Σκύθαι
1118 282 1173 340 ἐς
1197 277 1330 340 τούς
1353 276 1764 359 Ἀγαθύρσους·
1807 276 1972 357 Ἀγά-

354 367 557 444 θυρσοι
584 366 642 426 δὲ
671 365 924 443 ὁρέοντες
951 366 1044 424 καὶ
1067 365 1199 428 τούς
1226 364 1504 443 ὁμούρους
1524 365 1844 446 φεύγοντας
1862 361 1972 425 ὖπό

357 456 613 520 Σκυθέων
643 454 737 513 καὶ
775 453 1234 535 τεταραγμένους,
1261 455 1395 531 πρὶν
1432 452 1472 531 ἥ
1512 460 1627 529 σφι
1665 453 1973 530 ἐμβαλέειν

354 543 484 606 τούς
526 543 759 612 Σκύθας,
802 539 1124 619 πέμψαντες
1164 541 1375 620 κήρυκα
1428 539 1785 623 ἀπηγόρευον
1834 541 1972 604 Σκύ-

360 632 498 708 θῃσι
531 630 612 707 μὴ
647 632 957 704 ἐπιβαίνειν
979 634 1090 690 τῶν
1124 642 1415 706 σφετερων
1442 629 1632 707 οὔρων,
1661 628 1975 709 προλέγον-

355 743 446 791 τες
499 717 571 780 ὦς
624 721 671 776 εἷ
724 718 1089 795 πειρήσονται
1143 717 1506 794 ἐσβαλόντες,
1549 717 1726 793 σφίσι
1775 721 1974 792 πρῶτα

355 804 826 884 διαμαχήσονται.
892 804 1242 886 Ἀγάθυρσοι
1265 807 1370 881 μὲν
1395 805 1760 882 προείπαντες
1790 809 1974 865 ταῦτα

357 894 631 970 ἐβοήθεον
659 894 751 952 ἐπὶ
775 893 906 957 τούς
932 893 1144 968 οὔρους,
1174 892 1386 969 ἐρύκειν
1412 898 1472 954 ἐν
1498 895 1571 971 νῷ
1595 893 1816 971 ἔχοντες
1839 893 1974 957 τούς

355 981 628 1045 ἐπιόντας.
699 976 1134 1061 Μελάγχλαινοι
1189 980 1249 1040 δὲ
1302 981 1395 1039 καὶ
1446 980 1829 1060 Ἀνδροφάγοι
1876 983 1975 1041 καὶ

354 1070 582 1148 Νευροὶ,
638 1068 1006 1146 ἐσβαλόντων
1033 1073 1169 1130 τῶν
1218 1068 1488 1147 Περσέων
1527 1067 1647 1146 ἅμα
1695 1068 1973 1148 Σκύθῃσι,

355 1157 483 1219 οὔτε
535 1157 677 1236 πρὸς
731 1156 913 1232 σῖλκήν
964 1156 1270 1234 ἐτράποντο
1326 1156 1728 1234 ἐπιλαθόμενοί
1764 1182 1830 1216 τε
1870 1163 1975 1234 τῆς

353 1244 596 1322 ἅπειλῆς
637 1247 876 1326 ἔφευγον
914 1245 1022 1304 αἰεὶ
1047 1243 1115 1304 τὰ
1143 1244 1285 1322 πρὸς
1320 1243 1507 1322 βορέω
1534 1249 1591 1308 ἐς
1615 1244 1720 1320 τὴν
1759 1248 1976 1322 ἐρῆμον

352 1334 773 1416 τεταραγμένοι·
816 1335 870 1392 οῖ
897 1333 957 1392 δὲ
986 1332 1199 1397 Σκύθαι
1225 1338 1280 1396 ἐς
1304 1336 1410 1410 μὲν
1427 1333 1557 1396 τοῦς
1579 1332 1974 1414 Ἀγαθύρσους

355 1421 540 1485 οὐκέτι
568 1421 909 1484 ἀπείπαντας
936 1420 1282 1482 ἀπικνέοντο·
1317 1424 1371 1481 οἱ
1399 1421 1457 1480 δὲ
1484 1427 1544 1480 ἐκ
1569 1426 1670 1496 τῆς
1696 1422 1976 1499 Νευρίδος

353 1509 537 1589 χώρης
565 1514 622 1572 ἐς
645 1509 750 1584 τὴν
777 1508 1062 1587 σφετέρην
1090 1508 1428 1590 κατηγέοντο
1454 1512 1609 1569 τοῖσι
1637 1508 1931 1587 Πέρσῃσι.

266 1599 374 1656 126
458 1595 557 1660 Ὡς
598 1597 658 1654 δὲ
697 1597 922 1657 πολλὸν
957 1599 1126 1657 τοῦτο
1164 1597 1377 1678 ἐγίνετο
1423 1597 1516 1656 καὶ
1565 1595 1664 1657 οὗκ
1713 1596 1973 1670 ἐπαύετο,

352 1685 581 1763 πέμψας
614 1688 852 1763 Δαρεῖος
892 1684 1071 1744 ἱππέα·
1095 1683 1252 1762 παραὶ
1285 1682 1387 1744 τᾶν
1423 1686 1694 1749 Σκυθέων·
1711 1686 1976 1761 βασιλέα

353 1772 718 1851 Ἰδάνθυρσον
750 1774 910 1854 ἔλεγε
950 1773 1102 1833 τάδε·
1145 1784 1181 1809 “
1200 1772 1450 1851 δαιμόνιε
1485 1772 1808 1851 ἆνδρῶν,.τι’
1835 1774 1974 1849 φεύ-

353 1887 471 1942 γεις
496 1863 605 1920 αἰεὶ
632 1861 756 1931 ἐξόν
773 1887 862 1920 τοι
889 1862 1061 1922 τῶνδε
1085 1860 1159 1921 τοὶ
1186 1862 1347 1938 ἕτερα
1371 1864 1610 1932 ποιέειν,
1655 1866 1704 1922 εἷ
1727 1864 1832 1938 μὲν
1855 1862 1975 1943 γὰρ

354 1948 657 2027 ἀξιόχρεως
697 1948 904 2012 δοκέεις
948 1949 1088 2010 εἶναι
1129 1954 1353 2030 σεωυτῷ
1396 1953 1550 2010 τοῖσι
1596 1953 1785 2027 ἐμοῖσι
1826 1951 1976 2028 πρή-

352 2062 537 2117 γμασι
578 2035 925 2112 ἀντιωθῆναι,
967 2037 1042 2096 σύ
1084 2038 1144 2096 δὲ
1186 2038 1328 2102 στάς
1372 2064 1435 2098 τε
1477 2039 1568 2097 καὶ
1610 2037 1977 2115 παυσάμενος

354 2123 571 2200 πλάνης
607 2123 915 2204 μάχεσθαι·
959 2129 1008 2183 εἰ
1040 2124 1100 2185 δὲ
1141 2125 1555 2206 συγγινώσκεαι
1580 2126 1720 2185 εἶναι
1749 2124 1973 2202 ἥσσων,

356 2213 432 2273 σι)
465 2207 525 2273 δὲ
561 2215 655 2273 καὶ
693 2213 835 2273 οὕτω
861 2212 1224 2290 παυσάμενος
1248 2218 1350 2295 τοῦ
1377 2213 1588 2292 δρόμου
1615 2213 1866 2293 δεσπότῃ
1895 2220 1978 2294 τῷ

354 2306 439 2381 σῷ
479 2302 628 2380 δῶρα
668 2302 855 2379 φέρων
888 2305 998 2382 γῆν
1035 2327 1100 2361 τε
1138 2302 1230 2360 καὶ
1257 2301 1399 2379 ὕδωρ
1443 2303 1575 2363 ἐλθὲ
1615 2305 1670 2366 ἐς
1711 2301 1977 2383 Myous-'⁹

262 2391 374 2451 127
398 2389 555 2467 Πρὸς
578 2393 755 2450 ταῦτα
783 2388 814 2449 ὅ
844 2389 1100 2453 Σκυθέων
1116 2389 1398 2466 βασιλεῦς
1420 2389 1781 2467 Ἰδάνθυρσος
1808 2391 1976 2472 ἔλεγε

326 2476 505 2552 ,τάδε’
548 2488 584 2514 “
601 2477 743 2538 οὕτω
769 2476 836 2537 τὸ
865 2477 1001 2554 ἐμόν
1027 2478 1161 2556 ἔχει,
1190 2476 1232 2536 ὦ
1267 2478 1490 2555 Πέρσα·
1533 2478 1642 2560 ἐγὼ
1668 2477 1864 2538 οὐδένα
1894 2505 1976 2538 κω

354 2564 658 2643 ἀνθρώπων
686 2566 876 2629 δείσας
904 2566 1130 2647 ἔφυγον,
1161 2565 1287 2626 οὔτε
1312 2566 1586 2644 πρότερον
1613 2566 1739 2626 οὔτε
1763 2570 1865 2627 νῦν
1900 2593 1976 2627 σε

355 2652 565 2732 φεύγω·
608 2653 737 2711 οὐδέ
768 2679 824 2712 τι
859 2651 1126 2730 νεώτερόν
1159 2657 1271 2730 εἰμι
1307 2653 1554 2729 ποιήσας
1585 2658 1684 2715 νῦν
1707 2651 1745 2730 ἢ
1773 2655 1866 2713 καὶ
1913 2660 1974 2715 ἐν

355 2739 543 2817 εἰρήνῃ
582 2739 754 2799 ἐώθεα
788 2740 1016 2801 ποιέειν.
1086 2739 1120 2801 ὅ
1151 2764 1208 2801 τι
1244 2742 1304 2801 δὲ
1337 2741 1438 2801 οὐκ
1471 2741 1670 2803 αὐτίκα
1707 2741 1982 2821 μάχομαί

355 2852 462 2896 τοι,
497 2826 605 2908 ἐγώ
637 2827 729 2885 καὶ
764 2831 931 2901 τοῦτο
976 2830 1262 2906 σημανέω·
1301 2828 1441 2906 ἡμῖν
1472 2831 1600 2891 οὔτε
1635 2829 1814 2890 ἄστεα
1841 2830 1977 2891 οὔτε

353 2916 432 2990 γῆ
457 2915 845 2990 πεφυτευμένη
874 2916 1015 2984 ἐστὶ,
1042 2920 1155 2976 τῶν
1173 2917 1302 2995 πέρι
1329 2918 1614 2982 δείσαντες
1637 2919 1718 2995 μὴ
1745 2917 1906 2997 σῖλῴη
1936 2918 1976 2996 ἢ

354 3001 516 3072 καρῇ,
542 2998 846 3075 ταχύτερον
888 3002 1311 3083 συμμίσγοιμεν
1335 3003 1405 3065 ἂν
1432 3012 1488 3069 ἐς
1513 3006 1704 3084 μάχην
1727 3005 1880 3081 ύμῖν·
1927 3012 1979 3067 εἰ

347 3081 416 3143 δὲ
451 3082 570 3143 δέοι
607 3083 824 3148 πάντως
865 3090 920 3147 ἐς
958 3090 1128 3146 τοῦτο
1173 3091 1315 3150 κατοὶ
1361 3093 1536 3170 τάχος
1584 3092 1976 3165 ἀπικνέεσθαι,

27 3140 698 3314 *ovo-e.
723 3170 860 3247 ἡμῖν
887 3170 1069 3234 ἐόντες
1091 3175 1272 3251 τάφοι
1297 3179 1586 3256 πατρώϊοι,
1606 3181 1824 3258 φέρετε,
1843 3181 1976 3242 τού-

581 3255 831 3320 ‘’adv-ree
857 3259 1120 3337 συγχέειν
1145 3267 1423 3341 πειρᾶσθε
1449 3266 1667 3331 αὐτούς·
1710 3268 1803 3327 καὶ
1830 3270 1976 3350 γνώ-
