2184 3517
346 105 412 148 96
967 101 1331 151 ⁸111>vo'1'0‘1'
1873 101 1948 166 [1.

341 180 590 258 κατάπερ
614 181 653 256 ἦ
680 182 975 262 Αἰγυπτίη,
1004 180 1411 257 κατατέτμητὰι
1442 186 1497 244 ἐς
1523 177 1813 261 διώρυχας·
1855 184 1953 242 καὶ

338 266 380 343 ἦ
423 269 667 350 μεγίστη
706 274 817 329 τῶν
854 268 1132 348 διωρύχων
1181 269 1303 327 ἐστὶ
1344 268 1764 346 νηυσιπέρητος,
1806 270 1954 347 πρὸς

340 354 506 431 ἥλιον
527 358 876 433 τετραμμένη
900 357 1000 417 τόν
1018 354 1351 435 χειμερινόν·
1377 356 1572 464 ἐσέχει
1599 355 1710 414 δὲ’
1684 381 1740 418 ες
1763 355 1955 419 ἄλλον

340 442 594 520 ποταμὸν
634 449 695 503 ἐκ
734 449 835 504 τοῦ
874 443 1199 520 Εὐφρήτεω,
1235 447 1291 506 ἐς
1327 442 1427 502 τόν
1463 442 1673 522 Τίγριν,
1714 443 1844 521 παρ’
1884 444 1952 506 ὂν

339 536 512 595 Νῖνος
536 530 702 595 πόλις
739 533 947 609 οἴκητο·
989 533 1114 591 ἔστι
1150 532 1210 590 δε
1246 531 1468 610 χωρέων
1507 529 1647 607 αὕτη
1683 530 1952 595 ἁπασέων

340 623 533 697 μακρῷ
578 618 783 696 ἀρίστη
824 622 934 680 τῶν
974 617 1138 696 ἡμεῖς
1184 618 1342 696 ἴδμεν
1384 616 1685 695 Δήμητρος
1731 620 1950 698 καρπὸν

339 709 610 785 ἐκφέρειν·
664 708 738 768 τοὶ
779 707 889 790 γὰρ
935 707 1003 784 δή
1045 706 1207 767 ἅλλα
1247 706 1473 784 δένδρεα
1520 706 1647 767 οὐδὲ
1687 712 1950 786 πειρᾶται

339 794 518 875 ἀρχὴν
545 798 751 875 φέρειν,
775 796 901 856 οὔτε
921 795 1127 871 συκέην
1148 793 1274 855 οὔτε
1295 793 1551 871 ἄμπελον
1577 793 1707 858 οὔτε
1730 797 1946 873 ἐλαίην·

335 882 436 943 τόν
475 883 537 943 δὲ
572 889 675 960 τῆς
715 884 1014 962 Δήμητρος
1054 880 1269 960 καρπόν
1312 879 1416 941 ὧδε
1455 881 1640 963 οἷγαθή
1691 883 1948 961 ἐκφέρειν

338 971 479 1043 ἐστὶ,
521 969 667 1050 ὥστε
704 972 795 1032 ἐπὶ
827 971 1084 1048 διηκόσια
1118 971 1222 1048 μὲν
1255 969 1324 1030 τό
1365 968 1633 1048 παράπαν
1669 969 1946 1043 ἀποδιδοῖ,

340 1059 508 1121 ἐπεσῖν
541 1060 601 1121 δὲ
637 1059 844 1138 ἄριστα
879 1058 1019 1136 αὗτή
1059 1063 1261 1135 ἑωυτῆς
1287 1058 1482 1138 ἐνείκῃ,
1525 1058 1616 1118 ἐπὶ
1645 1059 1948 1136 τριηκόσια

339 1149 578 1226 ἐκφέρει·
620 1149 693 1209 τοὶ
727 1149 786 1209 δὲ
819 1146 1018 1226 φύλλα
1051 1145 1247 1207 αὐτόθι
1278 1149 1386 1206 τῶν
1414 1171 1476 1205 τε
1501 1149 1688 1223 πυρῶν
1716 1148 1809 1206 καὶ
1830 1153 1946 1211 τῶν

340 1237 568 1314 κριθέων
595 1237 663 1297 τό
695 1236 911 1299 πλάτος
940 1234 1150 1318 γίνεται
1186 1235 1472 1311 τεσσέρων
1513 1232 1778 1299 εὐπετέως
1816 1235 1945 1296 δακ-

336 1323 537 1384 τύλων·
580 1329 640 1384 ἐκ
675 1325 734 1383 δὲ
766 1324 1005 1405 κέγχρου
1038 1322 1131 1382 καὶ
1162 1321 1431 1399 σησάμου
1457 1321 1596 1382 ὅσον
1625 1349 1684 1383 τι
1717 1322 1945 1402 δένδρον

335 1412 582 1493 μέγαθος
623 1413 837 1493 γίνεται
878 1408 1308 1495 ἐξεπιστάμενος
1344 1409 1571 1488 μνήμην
1603 1409 1669 1470 οὐ
1703 1411 1943 1488 ποιήσο-

335 1524 454 1575 μαι,
498 1499 558 1559 εὖ
591 1498 804 1563 εῑδως”
772 1525 859 1560 οτι
887 1502 1041 1559 τοῖσι
1080 1498 1162 1576 μή
1204 1497 1566 1579 ἀπιγμένοισι
1599 1501 1656 1562 ἐς
1693 1498 1798 1575 τήν
1828 1506 1943 1560 Βα-

335 1586 620 1664 βυλωνίην
644 1613 834 1667 χωρην
861 1586 953 1646 καὶ
980 1613 1055 1647 τα
1081 1586 1340 1664 εἰρημένα
1367 1590 1591 1664 καρπῶν
1618 1586 1860 1666 ἐχόμενα
1886 1594 1944 1653 ἐς

335 1673 601 1751 ἀπιστίην
626 1674 853 1750 πολλὴν
877 1673 1124 1735 ἅπῖκται.
1195 1674 1456 1753 χρέονται
1480 1674 1541 1733 δὲ
1568 1672 1724 1735 ουδὲν
1751 1677 1942 1757 ἐλαίω,

336 1761 467 1822 ἀλλ’
508 1768 569 1822 ἐκ
606 1768 719 1824 τῶν
753 1763 1034 1840 σησάμων
1072 1767 1371 1826 ποιεῦντες.
1440 1763 1551 1823 εἰσὶ
1576 1762 1641 1822 δέ
1673 1769 1788 1839 σφι
1814 1766 1943 1839 φοί-

334 1877 477 1915 νικες
510 1851 820 1927 πεφυκότες
857 1851 963 1912 dvo}
993 1856 1107 1911 πᾶν
1141 1850 1208 1911 τό
1244 1852 1451 1922 πεδίον,
1487 1853 1541 1910 οἱ
1574 1853 1811 1915 πλεῦνες
1843 1850 1943 1912 αὖ·

332 1944 443 2000 τῶν
484 1939 854 2019 καρποφόροι,
901 1945 963 2000 ἐκ
1006 1943 1118 2000 τῶν
1169 1940 1263 1998 καὶ
1314 1940 1471 2000 σιτία
1517 1939 1610 1998 καὶ
1653 1939 1804 2000 οἶνον
1843 1942 1940 2001 καὶ

331 2027 468 2106 μέλι
508 2032 810 2088 ποιεῦνται·
869 2027 1001 2092 τούς
1041 2028 1254 2088 συκέων
1294 2026 1506 2106 τρόπον
1546 2026 1939 2105 θεραπεύουσι,

332 2115 405 2175 τά
442 2141 505 2176 τε
548 2115 717 2187 ἄλλα,
766 2116 860 2176 καὶ
903 2116 1168 2192 φοινίκων
1216 2115 1347 2180 τούς
1398 2116 1626 2193 ἔρσενας
1656 2113 1940 2193 Ἕλληνες

333 2206 616 2278 καλέουσι,
642 2204 850 2266 τούτων
872 2205 971 2266 τόν
999 2203 1215 2283 καρπόν
1243 2204 1563 2282 περιδέουσι
1585 2205 1723 2282 τῇσι
1745 2205 1938 2280 βαλα-

332 2292 635 2372 νηφόροισι
657 2299 766 2355 τῶν
794 2295 1072 2370 φοινίκων,
1104 2293 1195 2353 ἵνα
1217 2292 1459 2372 πεπαίνῃ
1498 2292 1563 2352 τέ
1592 2297 1706 2367 σφι
1745 2290 1780 2352 ὁ
1820 2293 1939 2371 ψὴν

269 2444 280 2453 .
329 2382 434 2458 τὴν
470 2381 730 2459 βάλανον
770 2381 1011 2443 ἐσδύνων
1052 2381 1145 2441 καὶ
1183 2379 1264 2458 μὴ
1305 2380 1552 2459 ἀπορρέῃ
1591 2378 1624 2441 ὁ
1665 2380 1877 2457 καρπὸς
1901 2380 1935 2441 6

330 2475 431 2529 τοΐ
457 2472 724 2547 φοίνικος·
766 2475 947 2549 ψῆνας
974 2469 1085 2552 γὰρ
1123 2469 1192 2545 δὴ
1232 2470 1506 2547 φορέουσι
1536 2472 1594 2528 ἐν
1623 2470 1701 2547 τῷ
1740 2473 1938 2549 καρπῷ

333 2560 386 2616 οἱ
415 2559 647 2635 ἔρσενες,
678 2557 923 2636 κατάπερ
951 2558 1018 2634 δή
1047 2559 1101 2616 οἱ
1127 2555 1373 2617 ὄλυνθοι.

243 2646 354 2704 194
433 2643 513 2705 ‘1¹6
554 2644 615 2704 δὲ
655 2644 909 2706 ἁπάντων
953 2646 1149 2721 θῶυμα
1191 2642 1464 2727 μέγιστόν
1507 2644 1612 2723 μοί
1657 2648 1784 2705 ἐστι
1821 2649 1936 2706 τῶν

326 2731 501 2810 ταύτῃ
540 2731 684 2810 μετά
720 2758 790 2814 γε
829 2732 1001 2809 αὐτὴν
1039 2732 1146 2807 τὴν
1184 2731 1372 2802 πόλιν,
1407 2732 1641 2810 ἔρχομαι
1674 2730 1934 2809 φράσων.

328 2818 401 2879 τοὶ
425 2823 602 2880 πλοῖα
627 2819 853 2880 αὐτοῖσί
880 2826 1004 2880 ἐστι
1032 2818 1107 2880 τοὶ
1133 2820 1274 2879 κατοὶ
1296 2819 1395 2880 τόν
1420 2818 1676 2897 ποταμόν
1700 2821 1933 2897 πορευό-

325 2934 468 2987 μενα
508 2912 564 2972 ἐς
602 2907 706 2984 τήν
747 2909 1085 2984 Βαβυλῶνα,
1127 2906 1306 2968 ἐόντα
1347 2908 1699 2985 κυκλοτερέα,
1746 2906 1937 2969 πάντα

327 2995 577 3057 σκύτινα·
621 2996 788 3057 ἐπεοῖν
813 2996 924 3078 γοῖρ
957 3002 1015 3057 ἐν
1048 3000 1203 3056 τοῖσι
1224 2995 1573 3073 Ἀρμενίοισι
1604 2998 1761 3056 τοῖσι
1802 3016 1934 3057 κατ·

325 3081 531 3162 ύπερθε
546 3083 862 3161 Ἀσσυρίων
880 3084 1227 3161 οἰκημένοισι
1241 3084 1441 3160 νομέας
1460 3083 1603 3158 ἰτέης
1622 3082 1937 3161 ταμόμενοι

324 3171 684 3245 ποιήσωνται,
723 3172 1096 3249 περιτείνουσι
1134 3170 1388 3230 τούτοισι
1422 3170 1690 3248 διφθέρας
1725 3196 1934 3253 στεγα-

326 3257 555 3335 στρίδας
585 3258 782 3328 ἔξωθεν
818 3257 1052 3335 ἐδάφεος
1081 3257 1308 3337 τρόπον,
1341 3256 1469 3318 οὔτε
1499 3257 1755 3335 πρύμνην
1791 3258 1934 3320 ἀπο-
