2184 3517
188 166 194 171 .
234 126 527 190 ,mu—183]
816 127 1269 178 MEAHOMENH.
1751 138 1846 183 353

246 210 299 266 οἱ
331 206 524 284 ἄνδρες
552 206 744 283 τρίτου
779 206 969 282 μηνὸς,
1000 208 1091 266 καὶ
1125 211 1202 286 τῷ
1238 205 1309 268 ἄν
1345 208 1472 288 οἴκῃ
1503 214 1614 270 τῶν
1639 211 1850 290 ἀνδρῶν

245 294 309 356 τό
334 295 574 365 παιδίον,
602 294 802 354 τούτου
828 299 959 358 παῖς
986 297 1287 371 νομίζεται.

324 383 499 445 Οὗτοι
550 387 654 462 μὲν
708 386 762 444 οἱ
826 385 1295 461 παραθαλάσσιοι
1347 389 1459 448 τῶν
1525 389 1805 465 Νομάδων
1826 394 1940 454 181

242 473 473 550 Λιβύων
515 475 775 551 εἰρέαται·
822 474 961 552 ὑπὲρ
1004 475 1065 534 δὲ
1104 475 1316 535 τούτων
1357 480 1413 540 ἐς
1453 477 1768 559 μεσόγαιαν
1810 479 1848 556 ἡ

245 562 514 639 θηριώδης
541 563 665 622 ἐστὶ
692 562 904 639 Λιβύη·
946 563 1084 641 ὑπὲρ
1113 564 1173 624 δὲ
1202 568 1304 640 τῆς
1332 565 1625 642 θηριώδεος
1662 565 1848 643 ὀφρύη

244 649 478 727 ψάμμης
530 649 772 726 κατήκει,
820 654 1236 729 παρατείνουσα
1284 653 1397 714 άπό
1451 654 1689 731 Θηβέων
1737 658 1851 715 τῶν

243 739 590 818 Αἰγυπτιέων
649 739 742 799 ε’πὶ
808 738 1157 817 Ἡρακληίας
1214 741 1453 819 στήλας·
1539 737 1599 802 ἐν
1656 743 1717 801 δὲ
1775 745 1849 822 τῇ

232 823 431 904 ιὀφρύῃ
490 825 664 910 ταύτῃ
732 825 990 904 μάλιστα
1048 828 1140 888 διαὶ
1198 830 1330 888 δέκα
1388 830 1637 908 ἡμερέων
1697 830 1848 902 ὁδοῦ,

243 913 383 977 άλός
418 919 543 974 ἐστι
573 914 792 992 τρύφεα
819 914 960 974 κατὰ
985 915 1254 995 χόνδρους
1278 917 1560 999 μεγάλους
1588 923 1646 979 ἓν
1674 922 1848 979 κολω-

242 1007 412 1062 νοῖσι·
454 1005 547 1061 καὶ
588 1008 645 1062 ἐν
687 1008 974 1083 κορυφῇσι
1015 1004 1254 1063 ἑκάστου
1293 1009 1394 1064 τοῦ
1435 1010 1688 1066 κολωνοῦ
1718 1005 1848 1067 άνα-

243 1092 476 1162 κοντίζει
509 1097 569 1150 ἐκ
604 1093 788 1169 μέσου
819 1096 921 1151 τοῦ
948 1091 1087 1155 άλὸς
1112 1092 1256 1170 ὕδωρ
1284 1094 1502 1173 ψυχρόν
1528 1095 1621 1153 καὶ
1645 1095 1845 1176 γλυκύ·

241 1180 370 1258 περὶ
410 1180 470 1240 δὲ
511 1180 644 1240 αὗτὸ
687 1178 969 1256 ἅνθρωποι
1012 1181 1257 1240 οἰκέουσι
1297 1181 1530 1260 ἔσχατοι
1569 1181 1711 1259 πρός
1747 1187 1849 1258 τῆς

242 1268 467 1345 ἐρήμου,
499 1269 591 1327 καὶ
631 1269 770 1345 ὑπὲρ
813 1273 912 1343 τῆς
954 1269 1267 1345 θηριώδεος.
1334 1270 1545 1346 πρώτοι
1584 1272 1704 1347 μὲν,
1732 1270 1845 1331 άπὸ

241 1358 479 1432 Θηβέων
521 1356 612 1416 διοὶ
649 1348 780 1415 δέκα
818 1356 1066 1434 ἡμερέων
1099 1356 1249 1426 ὁδοῦ,
1275 1356 1598 1435 Ἀμμώνιοι,
1628 1359 1848 1438 ἔχοντες

239 1444 307 1505 τό
355 1443 475 1521 ἶρὸν
521 1443 637 1504 «ivd
684 1449 785 1504 τοῦ
832 1446 1118 1521 Θηβαιέος
1166 1444 1318 1508 Διός·
1379 1446 1471 1504 καὶ
1516 1445 1626 1527 γοῖρ
1672 1445 1740 1507 τὸ
1788 1452 1847 1506 ἔν

242 1532 493 1612 Θήβῃσι,
524 1533 596 1596 ὥς
621 1533 713 1592 καὶ
739 1533 1013 1611 πρότερον
1038 1534 1257 1611 εἴρηταί
1276 1560 1391 1610 μοι,
1421 1534 1849 1612 κριοπρόσωπον

239 1625 341 1681 τοῦ
397 1621 533 1684 Διός
585 1620 860 1702 τῶγαλμά
912 1626 1055 1682 ἐστι.
1136 1622 1399 1703 τυγχάνει
1446 1623 1507 1682 δὲ
1558 1623 1652 1683 καὶ
1697 1621 1846 1684 ἄλλο

242 1715 357 1785 σφι
389 1709 531 1788 ὕδωρ
575 1712 837 1788 κρηναῖον
869 1710 978 1771 ε’όν·
1017 1710 1085 1771 τὰ
1126 1710 1225 1771 τᾶν
1255 1712 1360 1787 μὲν
1400 1710 1604 1789 ὄρθρον
1635 1712 1847 1793 γίνεται

240 1793 499 1875 χλιαρόν,
521 1797 732 1879 οἷγορῆς
756 1798 817 1858 δὲ
843 1798 1207 1875 πληθυούσης
1234 1799 1599 1878 ψυχρότερον·
1626 1825 1846 1877 μεσαμ-

232 1887 383 1964 βρίη
429 1888 494 1947 τέ
537 1892 675 1957 ἐστι,
710 1887 802 1945 καὶ
843 1886 909 1945 τὸ
955 1886 1131 1963 κάρτα
1172 1889 1385 1969 γίνεται
1418 1888 1655 1967 ψυχρόν·
1696 1913 1843 1965 τηνι-

243 1979 420 2035 καῦτα
460 1976 520 2034 δὲ
559 1974 795 2053 ἄρδουσι
834 1974 963 2038 τούς
1005 1974 1231 2051 κήπους·
1297 1975 1741 2054 ἀποκλινομένης
1786 1976 1847 2036 δὲ

239 2069 342 2140 τῆς
383 2063 593 2141 ἡμέρης
635 2063 854 2123 ὖπίεται
900 2067 1000 2122 τοῦ
1049 2068 1286 2143 ψυχροῦ,
1337 2068 1392 2126 ἐς
1438 2062 1505 2123 οὗ
1553 2064 1744 2124 δύεταί
1785 2091 1847 2125 τε

242 2152 274 2212 ὁ
299 2152 463 2229 ἥλιος
491 2153 583 2211 καὶ
609 2151 676 2211 τὰ
701 2151 844 2228 ὕδωρ
872 2151 1085 2232 γίνεται
1111 2150 1369 2231 χλιαρόν·
1413 2152 1506 2212 ε’πὶ
1532 2152 1593 2211 δὲ
1618 2157 1850 2229 μᾶλλον

242 2240 329 2301 ἷόν
377 2246 432 2303 ἐς
472 2240 538 2301 τό
587 2240 793 2319 θερμὸν
831 2244 886 2303 ἐς
921 2240 1104 2317 μέσας
1148 2239 1347 2303 νύκτας
1390 2239 1639 2311 πελάζει·
1700 2267 1847 2318 τηνι-

241 2332 421 2389 καῦτα
462 2329 522 2388 δὲ
562 2329 670 2400 ζέει
710 2327 1069 2406 ἀμβολάδην·
1143 2328 1524 2408 παρέρχονταί
1565 2354 1627 2388 τε
1672 2330 1848 2405 μέσαι

238 2416 434 2482 νύκτες
469 2417 563 2476 καὶ
594 2416 832 2496 ψύχεται
863 2417 1032 2495 μέχρι
1064 2420 1121 2480 ἐς
1149 2414 1253 2493 ἡῶ·
1295 2417 1594 2494 ἐπίκλησιν
1625 2416 1685 2476 δὲ
1711 2417 1850 2495 αὕτη

239 2505 280 2582 ἡ
308 2505 484 2583 κρήνη
512 2506 772 2565 καλέεται
795 2504 1021 2564 Ἡλίου.

323 2594 491 2654 Μετὰ
530 2593 591 2653 δὲ
614 2593 978 2671 Ἀμμωνίους,
1008 2591 1099 2652 Bw?
1139 2595 1242 2669 τῆς
1280 2591 1495 2670 ὀφρύης
1525 2596 1627 2669 τῆς
1660 2593 1810 2673 ψάμ-
1831 2596 1944 2655 182

238 2710 371 2761 μου,
421 2682 488 2743 δι’
536 2682 757 2742 ἀλλέων
810 2681 942 2741 δέκα
995 2680 1242 2759 ἡμερέων
1295 2681 1444 2752 ὁδοῦ,
1493 2682 1736 2747 κολωνός
1787 2709 1850 2744 τε

237 2771 386 2834 άλός
411 2777 537 2833 ἔστι
562 2772 757 2850 ὁμοῖος
781 2773 858 2850 τῷ
881 2768 1178 2851 Ἀμμωνίῳ
1204 2770 1298 2829 καὶ
1322 2769 1485 2848 ὕδωρ·
1524 2772 1617 2831 καὶ
1643 2770 1848 2850 ἅνθρω-

235 2885 343 2919 ποι
379 2861 507 2937 περὶ
542 2858 712 2920 αὗτὸν
745 2859 1010 2919 οἰκέουσι·
1051 2863 1129 2939 τῷ
1165 2859 1225 2918 δὲ
1250 2856 1411 2937 χώρῳ
1432 2858 1613 2939 τούτῳ
1640 2858 1851 2937 οὔνομα

237 2946 487 3030 Αὕγιλά
513 2953 654 3009 ἐστι.
724 2947 806 3027 (ἐς
841 2952 1043 3008 τοῦτον
1075 2946 1177 3008 τὸν
1205 2949 1390 3026 χῶρον
1418 2948 1473 3005 οἱ
1498 2951 1851 3024 Νασαμῶνες

237 3035 608 3114 ὀπωριεῦντες
659 3036 791 3100 τοῦς
845 3037 1101 3113 φοίνικας
1129 3033 1485 3116 φοιτέουσι.)
1551 3033 1698 3097 ’And
1753 3037 1812 3096 δὲ
1832 3039 1945 3096 183

237 3124 522 3207 Αὐγίλων,
572 3125 663 3185 διὰ
717 3125 849 3184 δέκα
901 3124 1150 3201 ἡμερέων
1197 3122 1418 3182 ἀλλέων
1468 3122 1616 3193 ὁδοῦ,
1668 3124 1851 3201 ἔτερος

236 3214 387 3276 άλός
430 3214 687 3283 κολωνός,
728 3213 821 3271 καὶ
868 3212 1027 3289 ὕδωρ,
1073 3213 1166 3271 καὶ
1211 3212 1456 3286 φοίνικες
1499 3211 1851 3289 καρποφόροι

234 3304 477 3371 πολλοὶ,
507 3303 766 3380 κατάπερ,
781 3301 874 3360 καὶ
900 3304 961 3360 ἐν
984 3306 1139 3361 τοῖσι
1165 3299 1423 3376 ἑτέροισι·
1452 3300 1544 3359 καὶ
1569 3299 1850 3379 ἅνθρωποι

403 3390 467 3435 28
