2184 3517
243 107 368 173 121]
886 112 1214 163 E‘r'mPnn.
1750 115 1850 168 16⁷

212 255 229 272 ·
241 186 637 268 χρησαμένους
680 187 813 252 τοῦς
858 187 1146 266 φυλάκους
1193 188 1702 267 ὑπερμεθυσθῆναι,
1755 193 1852 254 καὶ

243 273 619 351 κρατηθέντας
657 273 768 335 ὖπό
808 280 911 335 τοῦ
952 275 1129 336 ὕπνου
1170 274 1340 336 αὐτοῦ
1386 278 1625 356 ἐνθάπερ
1664 279 1852 339 ἔπινον

245 362 741 437 κατακοιμηθῆναι·
773 361 874 423 τᾶν
899 362 975 432 δὲ,
1003 362 1074 426 ὥς
1098 362 1297 440 πρόσω
1321 363 1391 438 ἦν
1416 368 1517 439 τῆς
1541 365 1752 434 νυκτός,
1779 365 1849 427 τό

242 473 309 507 τε
341 452 511 524 σῶμα
534 453 636 508 τοῦ
671 449 951 526 ἀδελφεοῦ
979 455 1298 511 καταλῦσαι
1325 452 1417 510 καὶ
1445 455 1556 510 τῶν
1583 450 1850 527 φυλάκων

243 534 339 594 ἐπὶ
362 536 518 613 λύμῃ
544 535 764 596 πάντων
789 537 1031 613 ξυρῆσαι
1059 536 1162 601 τοὶς
1194 536 1375 606 δεξιοῖς
1398 538 1689 614 παρηίδας·
1731 544 1847 600 ἐπι·

243 620 416 682 θέντα
453 623 515 682 δὲ
552 623 653 684 τὸν
692 623 850 684 νέκυν
890 624 983 684 ἐπὶ
1021 623 1153 689 τοῦς
1192 623 1354 702 ὅνους
1390 624 1720 687 ἀπελαύνειν
1760 626 1847 687 ἐπ’

242 709 416 779 οἴκου,
440 710 843 773 ἐπιτελέσαντα
867 715 940 790 τῇ
965 712 1139 790 μητρὶ
1162 711 1236 773 τὰ
1261 713 1713 792 προσταχθέντα·
1743 712 1847 776 τᾶν

241 795 305 855 δὲ
331 798 607 873 βασιλέα,
636 797 708 864 ὥς
738 798 886 878 αὐτῷ
911 799 1247 881 ἀπηγγέλθη
1272 804 1376 860 τοῦ
1404 800 1593 878 φωρός
1623 800 1657 861 ὅ
1689 801 1847 867 νέκυς

241 885 697 962 ἐκκεκλεμμένος,
724 886 876 947 δεινά
899 886 1126 947 ποιέειν·
1163 887 1381 952 πάντως
1404 887 1465 947 δὲ
1488 886 1847 966 βουλόμενον

242 971 535 1048 εὗρεθῆναι
561 971 718 1037 ὅστις
751 976 880 1035 κοτὲ
907 975 991 1051 εἴη
1016 973 1049 1035 ὁ
1074 978 1252 1036 ταῦτα
1280 973 1693 1054 μηχανώμενος,
1719 1002 1841 1036 ποι-

238 1059 390 1131 ἦσαί
405 1085 507 1135 μιν
529 1060 677 1131 τάδε,
704 1062 831 1138 ἐμοὶ
854 1065 958 1138 μὲν
984 1061 1050 1123 ού
1074 1061 1272 1123 πιστά·
1304 1062 1409 1138 τήν
1428 1061 1535 1143 [δὲ]
1563 1063 1842 1169 θυγατέρα

236 1143 344 1219 τήν
371 1149 575 1208 ἐωυτοῦ
601 1149 828 1209 κατίσαι
853 1148 937 1209 ἐπ’
959 1149 1276 1227 οἰκήματος,
1298 1148 1681 1225 ἐντειλάμενον
1700 1148 1837 1209 πάν-

235 1255 340 1296 τας
375 1258 440 1294 τε
476 1234 679 1311 ὁμοίως
716 1236 1134 1314 προσδεκεσθαι
1168 1237 1260 1296 καὶ
1292 1236 1426 1314 πρὶν
1462 1235 1839 1317 συγγενέσθαι

236 1316 570 1401 ἀναγκάζειν
600 1323 786 1405 λέγειν
817 1323 959 1402 αὐτῇ
984 1322 1018 1384 ὅ
1052 1350 1109 1384 τι
1141 1323 1266 1401 δη’
1240 1349 1298 1384 εν
1331 1328 1409 1403 τῷ
1430 1325 1599 1403 βίῳ”
1570 1330 1840 1433 εργασται

234 1405 386 1486 αυτῷ
412 1409 752 1486 σοφωτατον
778 1412 871 1471 καὶ
903 1410 1317 1472 ἀνοσιώτατον·
1300 1456 1318 1481 ,
1360 1437 1423 1475 ος
1453 1410 1559 1470 δ’
1527 1437 1595 1472 αν
1622 1411 1838 1493 ἀπηγή-

234 1518 411 1571 σηται
448 1497 524 1558 w)
564 1499 694 1577 περὶ
732 1498 833 1560 τὸν
873 1502 1036 1575 φῶρα
1069 1497 1427 1579 γεγενημένα,
1462 1501 1662 1558 τοῦτον
1696 1503 1836 1558 συλ-

232 1585 558 1660 λαμβάνειν
602 1586 696 1647 καὶ
738 1586 820 1664 μὴ
863 1585 1085 1646 ἀπιέναι
1130 1586 1250 1656 ἔξω·
1305 1585 1377 1649 ὥς
1419 1586 1479 1645 δὲ
1515 1585 1623 1663 τήν
1660 1585 1834 1645 παῖδα

230 1671 447 1735 ποιέειν
480 1673 554 1734 τά
590 1679 651 1734 ἐκ
687 1679 790 1735 τοῦ
823 1674 1034 1751 πατρὸς
1066 1674 1515 1753 προσταχθέντα,
1541 1673 1641 1734 τὸν
1667 1676 1831 1749 φῶρα

231 1760 552 1837 πυθόμενον
575 1765 686 1822 τῶν
712 1762 891 1822 εἵνεκα
914 1765 1090 1821 ταῦτα
1118 1759 1453 1839 ἐπρήσσετο,
1471 1759 1831 1836 βουληθέντα

232 1850 589 1927 πολυτροπίῃ
607 1854 708 1909 τοῦ
731 1848 1009 1926 βασιλέος
1027 1848 1435 1929 περιγενέσθαι,
1450 1846 1659 1907 ποιέειν
1677 1845 1828 1907 τάδε·

229 1940 429 2013 νεκροῦ
450 1936 787 2014 προσφάτου
811 1935 1177 2013 ἀποταμόντα
1203 1941 1261 1996 ἐν
1277 1939 1355 2014 τῷ
1374 1935 1501 2014 ὤμω
1519 1960 1624 2011 την
1647 1937 1827 2012 χεῖρα,

231 2022 374 2084 ἴέναι
398 2021 571 2085 ava-<311
597 2026 796 2103 ἔχοντα
820 2023 993 2099 αὖτῆν
1018 2022 1129 2082 ὕπο
1154 2026 1232 2101 τῷ
1258 2024 1473 2102 ἱματίω·
1517 2022 1828 2081 ἐσελθόντα

230 2108 292 2169 δὲ
328 2110 404 2176 ὥς
439 2114 544 2172 τοῦ
575 2110 856 2188 βασιλέος
890 2110 994 2186 τὴν
1027 2110 1305 2191 θυγατέρα
1337 2110 1429 2168 καὶ
1463 2107 1829 2185 εἰρωτώμενον

228 2197 410 2276 τάπερ
451 2199 545 2258 καὶ
579 2202 634 2260 οἰ
670 2197 860 2268 αλλοι,
892 2196 1301 2279 ἀπηγήσασθαι
1338 2222 1410 2259 ως
1450 2196 1828 2256 ἀνοσιώτατον

229 2288 337 2361 μὲν
355 2288 442 2363 εἴη
460 2285 820 2368 ἐργασμένος,
840 2284 934 2346 ὅτε
957 2290 1059 2346 τοῦ
1085 2283 1417 2360 ἀδελφεοῦ’
1392 2308 1450 2343 εν
1468 2286 1547 2360 τῶ
1567 2282 1827 2360 θησαυρῶ

230 2377 335 2433 τοῦ
386 2373 666 2450 βασιλέος
714 2373 826 2434 υπό
877 2372 1063 2455 πάγης
1115 2370 1351 2434 αλόντος
1397 2367 1679 2445 ἀποτάμοι
1720 2368 1826 2444 τήν

232 2461 511 2537 κεφαλήν·
548 2461 884 2538 σοφωτατον
909 2459 1046 2531 δὲ,
1011 2485 1102 2520 οτι
1126 2484 1254 2522 τους
1280 2455 1566 2533 φυλάκους
1592 2480 1827 2532 καταμε-

234 2550 412 2613 θύσας
463 2549 799 2610 καταλύσειε
848 2552 951 2609 τοῦ
1004 2547 1283 2623 ἀδελφεοῦ
1336 2542 1679 2624 κρεμάμενον
1728 2541 1827 2602 τόν

233 2636 410 2698 νέκυν·
451 2637 557 2714 τήν
596 2637 672 2708 δὲ,
709 2636 780 2701 ὥς
813 2635 1038 2713 ἤκουσε,
1076 2632 1355 2693 ἅπτεσθαι
1398 2630 1586 2692 αὐτοῦ·
1625 2629 1727 2692 τὸν
1766 2629 1827 2690 δὲ

235 2730 397 2802 φῶρα
432 2730 494 2786 ἐν
526 2729 605 2804 τῷ
637 2724 830 2786 σκότεϊ
863 2726 1149 2802 προτεῖναι
1188 2720 1328 2799 αὐτῇ
1359 2723 1460 2781 τοῦ
1492 2722 1689 2797 νεκροῦ
1722 2717 1829 2793 τήν

231 2817 413 2891 χεῖρα,
434 2813 541 2889 τήν
566 2813 625 2872 δὲ
656 2810 1077 2888 ἐπιλαβομένην
1103 2809 1265 2887 ἔχειν,
1293 2807 1632 2884 νομίζουσαν
1658 2804 1829 2865 αὐτοῦ

232 2902 440 2961 ἐκείνου
454 2904 558 2975 τῆς
576 2898 764 2979 χειρᾶς
780 2897 1131 2977 ἀντέχεσθαι,
1148 2895 1248 2956 τᾶν
1262 2894 1323 2954 δὲ
1339 2898 1503 2970 φῶρα
1521 2891 1829 2971 προέμενον

232 2986 373 3067 αὕτῇ
392 2987 656 3067 οἴχεσθαι
675 2986 766 3046 διὰ
793 2986 999 3063 θυρέων
1020 2982 1319 3062 φεύγοντα·
1353 2980 1425 3044 ὥς
1451 2980 1509 3039 δὲ
1538 2981 1629 3038 καὶ
1653 2984 1830 3039 ταῦτα

233 3077 285 3137 ἐς
312 3101 415 3134 τον
439 3073 698 3150 βασιλέα
731 3073 1060 3152 οἷνενεῖχθαι,
1090 3067 1477 3146 ἐκπεπλῆχθαι
1501 3069 1605 3143 μὲν
1632 3067 1723 3125 ἐπὶ
1754 3071 1827 3144 τῇ

232 3161 644 3239 πολυφροσύνῃ
685 3185 749 3221 τε
792 3184 891 3218 κατ
924 3157 1113 3234 τόλμῃ
1154 3153 1497 3230 τάνθρώπου·
1543 3152 1709 3215 τέλος
1749 3152 1826 3222 δὲ,

233 3247 620 3325 διαπέμποντα
662 3252 718 3309 ἐς
763 3244 954 3307 πάσας
997 3242 1100 3304 τοὶς
1145 3240 1312 3303 πόλις
1354 3237 1828 3320 ἐπαγγέλλεσθαι,
