2184 3517
326 108 425 156 210
937 106 1308 158 ‘HPOAo‘l'or
1787 105 1932 170 [111-

324 185 653 265 γενομένους
702 210 847 248 ουτω
900 185 971 262 δὴ
1022 211 1153 249 τους
1211 183 1502 249 σκύλακας
1557 187 1938 261 ἐπικρατῆσαι

326 277 428 333 τοῦ
454 272 723 351 σκύμνου·
765 274 860 333 καὶ
891 273 991 334 τόν
1024 275 1131 350 μὲν
1170 271 1500 348 Καμβύσεα
1534 269 1770 347 ἥδεσθαι
1796 271 1939 332 θεω-

327 386 513 437 μενον,
552 361 658 437 τῆν
699 361 760 420 δὲ
797 360 1121 438 παρημένην
1166 359 1439 437 δακρύειν·
1500 359 1825 436 Καμβύσεα
1866 360 1941 419 δὲ

326 448 582 525 μαθόντα
619 440 805 520 τοῦτο,
848 449 1169 524 ἐπείρεσθαι
1207 447 1352 509 διότι
1385 446 1658 523 δακρύει·
1642 491 1659 517 ,
1724 446 1830 524 τήν
1868 447 1943 507 δὲ

332 540 519 608 εἰπεῖν,
547 562 620 600 ως
647 537 848 597 ἰδοῦσα
871 536 971 598 τόν
1007 535 1268 617 σκύλακα
1292 539 1370 614 τῷ
1404 534 1663 614 ἀδελφεῷ
1693 535 1944 612 τιμωρή-

332 649 513 686 σαντα
538 624 846 701 δακρύσειε,
871 609 1195 700 μνησθεῖσά
1217 649 1282 684 τε
1308 623 1578 702 Σμέρδιος
1602 623 1696 682 καὶ
1718 624 1944 700 μαθοῦ-

331 738 414 773 σα
439 712 512 777 ὥς
537 714 692 793 κείνῳ
719 711 820 773 οὔκ
847 714 932 789 εἴη
957 712 992 773 ὅ
1016 711 1367 790 τιμωρήσων.
1428 711 1709 788 Ἕλληνες
1729 714 1834 787 μὲν
1859 711 1943 789 δὴ

333 799 426 860 δια
449 805 617 861 τοῦτο
642 800 709 861 τὰ
736 802 867 865 ἔπος
901 802 1051 876 φασὶ
1082 799 1258 876 αύτῆν
1286 799 1666 860 οἷπολέσθαι“
1630 799 1741 860 υπὸ
1768 805 1945 877 Καμ-

330 887 545 964 βύσεω·
612 889 910 970 Αἰγύπτιοι
955 889 1032 959 δὲ,
1073 914 1148 953 ως
1183 889 1432 968 τραπέζῃ
1468 888 1942 998 περικατημένων,

332 978 636 1053 λαβοῦσαν
665 977 907 1054 θρῶακα
942 975 1049 1053 τὴν
1084 980 1329 1058 γυναῖκα
1352 980 1650 1055 περιτῖλαι,
1678 976 1771 1036 καὶ
1801 981 1944 1037 επα*

338 1066 620 1142 νείρεσθαι
644 1065 746 1126 τᾶν
771 1064 944 1142 ἄνδρα
969 1064 1200 1143 κότερον
1223 1063 1705 1143 περιτετιλμένη
1671 1091 1709 1140 η
1733 1064 1946 1124 δασεῖα

333 1152 373 1228 ἦ
400 1153 598 1231 θρίδαξ
623 1157 795 1214 ἐοῦσα
823 1154 914 1229 εἴη·
927 1154 1201 1223 καλλίων;
1229 1154 1323 1213 καὶ
1343 1152 1445 1213 τᾶν
1470 1153 1661 1229 φάναι,
1682 1152 1944 1214 δασεῖαν·

334 1240 439 1317 τὴν
476 1242 522 1302 δ’
561 1246 732 1303 εἰπεῖν
762 1241 1012 1318 “rath-‘qu
1047 1243 1242 1318 μέντοι
1275 1243 1404 1302 κοτὲ
1439 1241 1518 1301 σι)
1555 1240 1660 1316 τῆν
1699 1241 1949 1316 θρίδακα

295 1327 310 1344 “
338 1331 637 1408 ἐμιμήσαο,
682 1330 783 1392 τᾶν
819 1329 1015 1407 Κύρου
1056 1329 1211 1389 οἶκον
1252 1326 1676 1407 άποψιλῶσαςΡ
1726 1327 1828 1389 τόν
1878 1329 1948 1389 δὲ

340 1419 662 1495 θυμωθέντα
704 1418 1027 1494 ἐμπηδῆσαι
1056 1416 1200 1496 αύτῇ
1233 1416 1444 1498 ἐχούσῃ
1486 1420 1545 1476 ἐν
1581 1416 1806 1542 γαστρὶ,
1841 1420 1954 1478 καί

335 1530 433 1582 μιν
458 1505 821 1591 ἐκτρώσασαν
845 1504 1168 1570 ἀποθανεῖν.

245 1588 320 1654 33
420 1598 610 1653 Ταῦτα
632 1596 738 1668 μὲν
762 1598 819 1658 ἐς
843 1618 972 1657 τους
1004 1594 1244 1670 οἷκηΐους
1267 1593 1301 1654 6
1328 1591 1655 1670 Καμβύσης
1679 1555 1943 1671 ἐξεμίνη,

281 1693 290 1710 ¹
340 1681 449 1740 εἴτε
492 1680 560 1758 δὴ
594 1681 685 1740 διοὶ
723 1679 824 1742 τόν
853 1679 1044 1752 Ἀπιν,
1083 1683 1194 1743 εἴτε
1235 1683 1328 1741 καὶ
1362 1681 1567 1754 ἄλλως,
1607 1681 1700 1742 οἶα
1738 1683 1943 1743 πολλα

339 1767 502 1830 ἐώθεε
527 1767 850 1846 ἀνθρώπους
873 1769 1017 1830 κακοὶ
1041 1769 1518 1847 καταλαμβάνειν·
1559 1771 1653 1830 καὶ
1676 1769 1786 1852 γάρ
1810 1796 1945 1832 τινα

340 1857 433 1916 καὶ
459 1862 520 1917 ἐκ
545 1862 737 1939 γενεῆς
762 1861 968 1919 νοῦσον
997 1858 1255 1940 μεγάλην
1290 1858 1518 1940 λέγεται
1544 1859 1690 1939 ἔχειν
1713 1857 1747 1918 ὁ
1774 1864 1944 1936 Καμ-

339 1944 549 2021 βύσης,
600 1945 704 2021 τὴν
758 1945 882 2023 ἱρήν
934 1945 1311 2024 οὖνομάζουσί
1355 1971 1519 2011 τινες·
1586 1945 1654 2006 οὔ
1703 1945 1801 2007 νύν
1848 1969 1945 2007 ’τοι

339 2031 517 2098 ἀεικὲς
557 2031 717 2094 οὐδὲν
752 2033 841 2109 ἦν,
867 2038 969 2095 τοῦ
1008 2034 1273 2111 σώματος
1312 2038 1519 2095 νοῦσον
1555 2034 1812 2115 μεγάλην
1850 2061 1945 2110 νο-

248 2121 323 2182 34
342 2122 584 2192 σέοντος,
637 2123 778 2199 μηδὲ
828 2122 930 2186 τοὶς
980 2124 1189 2200 φρένας
1239 2121 1523 2203 ύγιαίνειν.
1605 2122 1750 2182 Τάδε
1793 2121 1841 2182 δ’
1888 2129 1945 2188 ἐς

341 2208 471 2274 τοῦς
510 2209 721 2276 ἄλλους
762 2212 993 2289 Πέρσας
1032 2211 1289 2288 ἐξεμάνη·
1348 2211 1576 2291 λέγεται
1613 2210 1725 2290 ’γάρ
1767 2214 1946 2272 εἰπεῖν

341 2297 511 2362 αὐτὸν
544 2299 690 2377 πρός
721 2299 1088 2378 Πρηξάσπεα,
1125 2298 1227 2360 τᾶν
1268 2299 1431 2376 ἐτίμα
1464 2324 1528 2359 τε
1556 2299 1815 2375 μάλιστα
1850 2303 1951 2360 καί

342 2389 397 2446 οἱ
440 2386 540 2451 τοὶς
583 2387 850 2468 ἀγγελίας
897 2387 1097 2464 ἐφόρεε
1149 2384 1327 2457 οὗτος,
1374 2387 1575 2447 τούτου
1618 2412 1683 2448 τε
1728 2386 1764 2447 ὅ
1809 2393 1948 2452 παῖς

346 2475 594 2556 οἰνοχόος
637 2475 707 2551 ἦν
750 2480 828 2556 τῷ
871 2475 1187 2555 Καμβύσῃ·
1253 2474 1389 2553 τιμὴ
1442 2476 1504 2536 δὲ
1555 2476 1649 2535 καὶ
1694 2474 1834 2551 αὕτη
1880 2476 1947 2536 οὗ

343 2563 576 2641 σμικρή·
618 2567 789 2624 εἰπεῖν
816 2564 875 2623 δὲ
900 2565 1128 2644 λέγεται
1155 2563 1305 2624 τάδε·
1347 2574 1384 2600 “
1401 2564 1762 2646 Πρήξασπες,
1791 2565 1949 2625 κοῖόν

347 2651 424 2726 μέ
458 2675 583 2710 τινα
621 2652 912 2726 νομίζουσι
951 2652 1175 2728 Πέρσαι
1223 2652 1363 2711 εἶναι
1412 2650 1620 2729 ἅνδρα;
1688 2652 1843 2715 τίνας
1882 2678 1950 2713 τε

345 2736 551 2817 λόγους
593 2739 722 2815 περὶ
768 2740 899 2816 ἐμέο
945 2744 1229 2801 ποιεῦνται
1246 2739 1294 2810 ;'’
1353 2739 1457 2801 τᾶν
1498 2740 1560 2800 δὲ
1602 2742 1794 2800 εἰπεῖν·
1858 2740 1951 2800 “13

347 2825 610 2895 δέσποτα,
645 2826 719 2886 w}
752 2830 858 2904 μὲν
891 2827 1047 2888 ἄλλα
1074 2829 1258 2889 πάντα
1287 2827 1545 2910 μεγάλως
1583 2828 1846 2898 ἐπαινέαι,
1875 2833 1954 2907 τῇ

347 2912 408 2970 δὲ
453 2914 706 2992 φιλοινίῃ
746 2915 820 2974 σέ
859 2921 1008 2991 φασι
1043 2916 1294 2980 πλεόνως
1331 2915 1767 2993 προσκέεσθαι.”
1845 2917 1956 2978 τᾶν

346 3001 450 3073 μὲν
489 2999 558 3076 δῆ
597 3002 784 3082 λέγειν
820 3007 998 3063 ταῦτα
1036 3005 1165 3081 περὶ
1196 3005 1484 3081 Περσέων·
1534 3004 1637 3065 τᾶν
1665 3003 1725 3064 δὲ
1766 3005 1953 3081 θυμω·
2024 3035 2033 3043 <

350 3085 515 3144 θέντα
538 3088 724 3148 τοιάδε
748 3089 1111 3166 ἀμείβεσθαι·
1151 3095 1292 3151 “va
1312 3116 1426 3168 αρα-
1449 3092 1525 3168 μέ
1551 3097 1712 3202 φασι
1721 3093 1956 3169 Πέρσαι

350 3168 476 3245 οἴνῳ
534 3178 936 3250 προσκείμενον
998 3179 1421 3254 παραφρονέειν,
1487 3181 1580 3239 καὶ
1647 3179 1748 3239 οὐκ
1809 3181 1958 3242 εἶναι

350 3252 628 3326 νοήμονα·
613 3300 632 3325 ,
673 3259 785 3319 οὐδ’
825 3287 936 3337 αρα
970 3265 1165 3338 σφέων
1198 3269 1254 3326 οἱ
1286 3266 1552 3344 πρότεροι
1589 3266 1758 3346 λόγοι
1796 3267 1959 3343 ἦσαν
