2184 3517
329 104 430 155 248
971 103 1341 156 ‘HPOAO'I'O'I'
1572 148 1581 155 ,
1794 102 1934 167 [III.

331 185 629 262 τριηκόσια
642 185 894 247 τάλαντα
909 184 1087 264 φόρος
1101 184 1190 261 ἦν·
1217 182 1387 261 νομὰς
1401 184 1737 248 δυωδέκατος
1752 181 1940 249 οὗτος.

240 274 318 332 93
333 270 478 332 Ἀπό
517 277 836 350 Πακτυϊκῆς
876 273 953 343 δὲ,
988 274 1079 332 καὶ
1114 272 1432 350 Ἀρμενίων,
1476 274 1569 332 καὶ
1606 275 1719 333 τῶν
1755 297 1940 349 προσ·

337 361 507 440 εχέων
551 361 721 439 μέχρι
761 366 861 421 τοῦ
892 361 1101 421 πόντου
1135 364 1236 420 τοῦ
1275 360 1558 431 Εὐξείνου,
1598 358 1943 438 τετρακόσια

333 448 604 509 τάλαντα·
644 448 814 526 νομός
842 449 1029 526 τρίτος
1068 447 1161 507 καὶ
1193 448 1421 512 δέκατος
1460 446 1642 511 οὗτος.
1721 445 1838 508 dm}
1879 445 1943 507 δὲ

339 536 676 617 Σαγαρτίων,
731 538 823 595 καὶ
884 535 1237 617 Σαραγγέων,
1290 536 1383 594 καὶ
1430 535 1785 612 Θαμαναίων,
1844 534 1944 595 καὶ

339 623 569 694 Οὐτίων,
603 625 695 682 καὶ
726 624 950 692 Μύκων,
983 624 1076 683 καὶ
1105 626 1218 685 τῶν
1254 628 1317 683 ἐν
1353 625 1494 703 τῇσι
1531 622 1763 698 νήσοισι
1796 626 1940 682 οἶκε-

337 711 510 770 όντων
547 713 658 771 τῶν
702 716 760 771 ἐν
797 716 872 789 τῇ
910 709 1157 790 Ἐρυθρῇ
1200 709 1490 790 θαλάσσῃ,
1533 715 1595 770 ἐν
1632 713 1771 789 τῇσι
1807 708 1944 772 τούς

337 797 737 862 ἀνασπάστους
767 799 1137 875 καλεομένους
1168 798 1464 871 κατοικίζει
1499 796 1796 874 βασιλευς,
1824 795 1942 858 ‹in-6

332 885 545 946 τούτων
587 885 809 948 πάντων
859 885 1127 956 ἑξακόσια
1175 885 1428 945 τάλαντα
1476 886 1686 966 ε’γίνετο
1739 884 1940 961 φόρος·

336 974 508 1050 νομὰς
549 974 811 1052 τέταρτος
858 975 951 1034 xm
993 974 1221 1037 δέκατος
1252 970 1435 1037 οὗτος.
1522 972 1701 1038 Σάκαι
1743 973 1806 1033 δὲ
1848 973 1944 1033 καὶ

341 1061 596 1122 Κάσπιοι
625 1061 966 1138 πεντήκοντα
997 1062 1091 1120 καὶ
1127 1059 1385 1137 διηκόσια
1415 1059 1638 1141 ἀγίνεον
1666 1060 1942 1120 τάλαντα·

339 1150 514 1227 νομὰς
542 1152 796 1227 πέμπτος
832 1150 926 1207 καὶ
956 1148 1185 1212 δέκατος
1222 1145 1402 1212 οὗτος.
1472 1147 1695 1225 Πάρθοι
1735 1148 1813 1219 δὲ,
1847 1149 1944 1209 καὶ

340 1238 679 1316 Χοράσμιοι,
729 1238 823 1297 καὶ
870 1235 1074 1318 Σόγδοι
1118 1263 1182 1297 τε
1228 1237 1322 1295 καὶ
1359 1235 1593 1312 Ἀρειοι,
1641 1235 1944 1313 τριηκόσια

245 1327 323 1385 94
338 1325 607 1387 τάλαντα·
637 1351 809 1403 νομος
835 1325 988 1388 ἕκτος
1014 1350 1107 1383 και
1085 1324 1350 1387 δέκατος
1370 1349 1550 1387 ουτος.
1605 1323 1945 1401 Παρικάνιοι

341 1413 418 1483 δὲ,
453 1414 545 1472 καὶ
585 1414 848 1476 Αἰθίοπες
885 1415 940 1472 οἶ
981 1416 1042 1471 ἐκ
1080 1415 1184 1487 τῆς
1221 1411 1435 1488 Ἀσίης,
1468 1410 1806 1489 τετρακόσια
1844 1412 1942 1472 τά·

342 1505 521 1561 λαντα
548 1501 868 1581 ἀπαγίνεον·
909 1526 1080 1577 νομος
1106 1490 1351 1577 ἕβδομος
1378 1502 1470 1559 καὶ
1500 1500 1730 1563 δέκατος
1757 1526 1940 1565 ουτος.

346 1593 687 1664 Ματιηνοῖσι
720 1589 795 1656 δὲ,
825 1588 918 1646 καὶ
954 1588 1292 1666 Σάσπειρσι,
1321 1587 1413 1647 καὶ
1443 1587 1833 1666 Ἀλαροδιοισι
1863 1588 1941 1648 δι-

338 1674 547 1752 ηκόσια
566 1675 892 1735 ἐπετέτακτο
907 1676 1175 1736 τάλαντα·
1199 1674 1372 1752 νομὸς
1389 1675 1587 1757 ὄγδοος
1604 1676 1696 1735 καὶ
1712 1676 1943 1741 δέκατος

340 1760 520 1827 οὗτος.
579 1762 877 1840 Μόσχοισι
898 1763 973 1835 δὲ,
995 1764 1087 1822 καὶ
1107 1765 1499 1841 Τιβαρηνοῖσι,
1522 1765 1614 1822 καὶ
1642 1763 1939 1840 Μάκρωσι,

340 1851 434 1910 καὶ
479 1850 906 1922 Μοσυνοίκοισι,
950 1852 1043 1910 καὶ
1088 1853 1308 1927 Μαρσὶ,
1347 1851 1645 1928 τριηκόσια
1688 1850 1944 1911 τάλαντα

338 1939 655 2015 προείρητο·
696 1938 866 2015 νομός
892 1939 1104 2002 εἴνατος
1130 1940 1241 1997 καὶ·
1255 1940 1480 2002 δέκατος
1505 1936 1686 2003 οὗτος.
1751 1937 1942 1999 Ἰνδῶν

340 2025 402 2085 δὲ
421 2026 640 2103 πλῆθός
659 2052 726 2086 τε
751 2031 950 2106 πολλῷ
969 2026 1246 2086 πλεῖστόν
1267 2032 1392 2086 ἐστι
1417 2026 1636 2087 πάντων
1653 2028 1765 2086 τῶν
1776 2026 1941 2103 ἡμεῖς

340 2114 496 2192 ἴδμεν
531 2114 846 2193 ἀνθρώπων,
876 2116 967 2173 καὶ
999 2114 1183 2192 φόρον
1210 2113 1514 2196 ἀπαγίνεον
1549 2113 1691 2191 πρός
1726 2115 1942 2179 πάντας

332 2202 471 2267 τοῦς
506 2201 732 2273 ἄλλους,
761 2203 1026 2279 ἑξήκοντα
1059 2202 1152 2261 καὶ
1186 2202 1483 2280 τριηκόσια
1515 2202 1769 2263 τάλαντα
1794 2202 1939 2284 ψήγ-

246 2292 323 2350 95
339 2316 533 2368 ματος·
574 2290 746 2369 νομὰς
779 2290 1033 2353 εἶκοστός
1068 2288 1248 2353 οὗτος.
1317 2290 1397 2349 Ta
1432 2293 1537 2367 μὲν
1569 2289 1638 2365 δὴ
1676 2290 1942 2371 αργόριον

338 2404 408 2438 το
440 2377 808 2456 Βαβυλώνιον
841 2403 983 2457 προς
1015 2404 1082 2438 το
1114 2377 1400 2454 Ἐὐβοϊκὸν
1426 2378 1940 2455 συμβαλλεόμενον

334 2466 618 2528 τάλαντον
647 2468 859 2549 γίνεται
888 2464 1304 2543 τεσσεράκοντα
1336 2466 1433 2524 καὶ
1467 2465 1812 2549 πεντακόσια
1846 2467 1941 2527 καὶ

343 2555 715 2634 εἶνακισχῦιια
759 2555 1029 2615 τάλαντα.
1109 2552 1177 2613 τὰ
1229 2553 1291 2613 δὲ
1340 2553 1577 2632 χρυσίον
1627 2553 1938 2630 τρισκαιδε·

342 2640 654 2701 καστάσιον
700 2641 1077 2722 λογιζόμενον,
1120 2666 1186 2700 το
1235 2644 1439 2723 ψῆγμα
1482 2639 1802 2718 ευρίσκεται
1847 2640 1940 2701 ἐᾶν

340 2728 638 2805 Εὖβοῖκῶν
675 2727 963 2788 ταλάντων
1002 2727 1319 2809 ὀγδώκοντα
1359 2728 1452 2788 καὶ
1495 2728 1800 2798 ἑξακοσίων
1844 2726 1939 2789 καὶ

337 2814 818 2893 τετρακισχιλίων.
851 2858 855 2862 Δ
876 2814 1086 2875 τούτων
1112 2815 1188 2876 ὧν
1211 2815 1430 2876 πάντων
1450 2816 1855 2893 συντιθεμένων
1870 2814 1939 2877 τό

339 2905 573 2979 πλῆθος,
590 2901 848 2978 Εὖβοῖκοὶ
867 2902 1118 2962 τάλαντα
1145 2903 1477 2985 συνελέγετο
1497 2907 1552 2966 ἐς
1569 2902 1670 2963 τᾶν
1691 2904 1940 2966 ἐπέτειον

335 2989 523 3066 φόρον
558 2989 776 3066 Δαρείῳ
813 2988 986 3066 μύρια
1021 2991 1115 3048 καὶ
1148 2992 1574 3071 τετρακισχιλια
1608 2989 1704 3050 καὶ
1740 3015 1940 3051 πεντα·

336 3076 512 3136 κόσια
535 3076 628 3134 καὶ
654 3074 935 3150 ἑξήκοντα·
965 3077 1034 3137 τὰ
1059 3076 1110 3135 δ’
1129 3078 1209 3136 ἔτι
1233 3076 1442 3138 τούτων
1462 3079 1718 3139 ἔλασσον
1740 3077 1940 3148 ἀπιεὶς,

248 3161 324 3227 96
343 3161 407 3221 οὗ
438 3163 604 3242 λέγω.
675 3159 855 3225 Οὗτος
882 3163 1097 3242 Δαρείῳ
1123 3164 1364 3241 προσήῖε
1391 3164 1567 3242 φόρος
1597 3163 1712 3226 οἷπό
1739 3190 1804 3226 τε
1838 3170 1943 3242 τῆς

341 3246 542 3326 Ἀσίης
574 3250 668 3307 καὶ
696 3252 798 3325 τῆς
825 3250 1047 3328 Λιβύης
1080 3250 1436 3329 ὀλιγαχόθεν·
1477 3252 1773 3327 προϊόντος
1811 3252 1942 3331 μέν·
