2184 3517
344 71 439 119 338
962 67 1329 116 ἨΡΟΔΟΤΟΤ
1826 64 1951 130 [IV.

339 147 450 210 ὖπό
491 149 816 230 Πελασγῶν
854 149 967 208 τῶν
1006 150 1067 205 ἐκ
1108 148 1436 223 Βραυρῶνος
1466 146 1832 222 λη’ῶαμένων
1856 144 1956 208 τὰς

338 234 650 313 Ἀθηναίων
690 238 973 318 γυναῖκας,
1015 233 1128 294 {m}
1184 233 1393 295 τούτων
1440 233 1843 302 ἐξελασθέντες
1896 238 1956 292 ἐκ

339 323 575 402 Λήμνου
608 324 835 403 οἴχοντο
863 324 1132 385 πλέοντες
1164 326 1219 385 ἐς
1248 321 1664 397 Λακεδαίμονα·
1709 321 1958 397 ἱζόμενοι

341 413 402 472 δὲ
456 417 516 473 ἐν
558 417 638 492 τῷ
689 417 950 493 Τηϋγέτῳ
996 414 1108 488 πῦρ
1162 408 1430 470 ἀνέκαιον.
1517 408 1957 484 Λακεδαιμόνιοι

343 500 404 560 δὲ
458 501 665 565 ἰδόντες
708 499 955 581 ἄγγελον
1002 499 1265 575 ἔπεμπον,
1314 496 1657 574 πευσόμενοι
1701 496 1849 561 τίνες
1894 524 1955 558 τε

342 588 437 647 καὶ
463 588 661 649 ὁκόθεν
688 590 805 647 εἰσί
818 614 834 658 ;
879 590 934 647 οἱ
960 587 1020 646 δὲ
1043 590 1121 666 τῷ
1147 585 1371 667 ἀγγέλῳ
1399 585 1711 662 εἶρωτέοντι
1740 586 1955 666 ἔλεγον,

341 673 412 737 ὥς
461 674 656 748 εἴησαν
699 676 803 750 μὲν
850 674 1078 743 Μινύαι,
1128 673 1318 736 παῖδες
1366 672 1425 731 δὲ
1471 671 1580 733 εἶεν
1624 674 1741 733 τῶν
1783 678 1844 733 ἐν
1884 679 1956 754 τῇ

338 758 540 842 Ἀργοῖ
589 761 875 822 πλεόντων
925 760 1138 839 ἦρῶων·
1196 759 1556 838 προσχόντας
1609 759 1671 819 δὲ
1723 760 1957 826 τούτους

338 852 395 912 ἐς
440 853 674 926 Λῆμνον
720 850 1004 925 φυτεῦσαί
1037 850 1381 924 σφεας.οῑ
1421 846 1480 906 δὲ
1518 847 1956 924 Λακεδαψόνωι

340 936 642 1013 ἀκηκοότες
706 937 808 998 τὸν
874 936 1051 1025 λόγον
1105 940 1210 1012 τῆς
1265 939 1459 1017 γενεῆς
1508 939 1621 995 τῶν
1674 938 1953 1008 Μινυέων,

340 1027 661 1103 πέμψαντες
692 1025 757 1085 τό
791 1016 1044 1102 δεύτερον
1086 1023 1339 1101 εἰρώτευν
1376 1026 1437 1082 τί
1474 1023 1807 1086 θέλοντες
1768 1026 1955 1100 ηκοιέν

341 1138 405 1174 τε
448 1118 503 1176 ἐς
543 1113 647 1189 τῆν
687 1111 876 1193 χώρην
918 1112 1011 1171 καὶ
1057 1116 1171 1189 πῦρ
1215 1112 1459 1180 alentem
1502 1137 1557 1169 οι
1598 1110 1660 1169 δὲ
1708 1112 1952 1188 ἔφασαν,

339 1199 450 1261 ὖπό
494 1204 818 1282 Πελασγῶν
857 1199 1230 1276 ἐκβληθέντες
1258 1198 1410 1274 ἥκειν
1442 1203 1496 1262 ἐς
1527 1197 1659 1261 τοῦς
1684 1201 1952 1276 πατέρας·

340 1288 715 1367 (δικαιότατον
740 1287 851 1369 γὰρ
875 1287 1013 1348 εἶναι
1033 1287 1177 1347 οὕτω
1195 1291 1363 1347 τοῦτο
1387 1285 1694 1367 γίνεσθαι·)
1724 1287 1959 1348 δέεσθαί

338 1401 404 1436 τε
451 1377 649 1436 οἰκέειν
703 1374 821 1453 ἅμα
872 1374 1143 1444 τούτοισι,
1196 1374 1399 1452 μοῖράν
1448 1399 1510 1433 τε
1561 1375 1769 1450 τιμέων
1822 1402 1951 1452 μετ-

342 1464 564 1542 έχοντες
590 1465 682 1522 καὶ
715 1468 816 1541 τῆς
844 1468 952 1545 γῆς
983 1463 1388 1542 ἀπολαχόντες.
1453 1462 1953 1540 Λακεδαιμονίοισι

341 1550 402 1610 δὲ
456 1550 580 1610 ἕαδε
632 1551 892 1613 δέκεσθαι
942 1552 1074 1615 τούς
1125 1550 1342 1614 Μινύας
1396 1549 1481 1611 ἐπ’
1537 1550 1656 1610 οἶσι
1713 1551 1953 1612 θέλουσι

340 1636 518 1699 αὐτοί·
558 1638 815 1718 μάλιστα
852 1640 911 1699 δὲ
944 1640 1109 1721 ἐνῆγέ
1139 1645 1323 1715 σφεας
1356 1638 1502 1698 ὥστε
1531 1639 1742 1699 ποιέειν
1772 1644 1953 1700 ταῦτα

338 1731 451 1787 τῶν
475 1727 849 1805 Τυνδαριδέων
874 1726 913 1803 ἤ
939 1729 1194 1803 ναυτιλίη
1219 1732 1279 1787 ἐν
1301 1731 1374 1805 τῇ
1397 1726 1615 1808 Ἀργοῖ·
1658 1727 1948 1803 δεξάμενοι

343 1814 404 1874 δὲ
445 1815 574 1879 τοῦς
619 1814 854 1886 Μινύας,
901 1821 1009 1897 γῆς
1055 1841 1119 1876 τε
1162 1816 1473 1892 μετέδοσαν
1514 1815 1607 1873 καὶ
1654 1819 1713 1878 ἐς
1758 1816 1952 1892 φυλὰς

340 1901 689 1963 διεδάσαντο·
732 1906 786 1963 οἱ
810 1903 871 1963 δὲ
897 1902 1097 1963 αὐτίκα
1121 1907 1225 1980 μὲν
1257 1903 1473 1983 γάμους
1504 1903 1735 1984 ἔγημαν,
1761 1903 1865 1967 τὰς
1889 1905 1953 1965 δὲ

248 1991 362 2050 146
382 1994 443 2049 ἐκ
478 1990 712 2068 Λήμνου
747 1991 955 2072 ἤγοντο
991 1991 1256 2062 ἐξέδοσαν
1287 1989 1542 2050 ἄλλοισι.
1624 1993 1850 2068 Χρόνου
1888 1993 1952 2053 δὲ

341 2076 406 2137 οὗ
426 2082 650 2139 πολλοῦ
678 2078 1071 2150 διεξελθόντος,
1087 2079 1285 2139 αὐτίκα
1311 2081 1365 2138 οἱ
1389 2079 1601 2138 Μινύαι
1621 2077 1949 2156 ἐξύβρισαν,

339 2170 442 2242 τῆς
468 2193 531 2227 τε
568 2168 882 2245 βασιληΐης
913 2169 1300 2244 μεταιτέοντες
1340 2166 1434 2225 καὶ
1472 2164 1626 2224 ἄλλα
1665 2171 1953 2231 ποιεῦντες

340 2254 442 2315 οὐκ
482 2256 636 2317 ὅσια.
715 2260 869 2317 τοῖσι
910 2255 986 2316 ὦν
1021 2255 1516 2331 Λακεδαιμονίοισι
1555 2253 1707 2323 ἔδοξε
1748 2254 1952 2320 auk-0⁶63

339 2341 679 2404 ἀποκτεῖναι·
732 2343 1126 2420 συλλαβόντες
1177 2342 1256 2402 δέ.
1291 2348 1475 2418 σφεας
1528 2343 1855 2418 κατέβαλον
1893 2349 1953 2409 ἐς

341 2429 557 2508 ἑρκτήν.
600 2432 900 2511 (κτείνουσι
920 2430 980 2490 δὲ
998 2428 1129 2492 τοῦς
1149 2428 1216 2489 ἂν
1238 2431 1492 2490 κτείνωσι
1516 2430 1953 2508 Λακεδαιμόνιοι

339 2519 551 2588 νυκτὸς,
592 2517 713 2595 μετ’
742 2517 971 2595 -ήμέρην
1004 2517 1066 2577 δὲ
1100 2517 1339 2596 οὐδένα.)
1413 2516 1535 2575 ἐπεὶ
1579 2515 1656 2576 ὦν
1704 2517 1951 2592 ἔμελλόν

341 2611 526 2680 σ’φεας
571 2604 1049 2685 καταχρήσεσθαι,
1103 2603 1527 2681 παραιτήσαντο
1581 2607 1641 2662 αἱ
1694 2609 1952 2684 γυναῖκες

337 2695 450 2752 τῶν
503 2692 775 2763 Μινυέων,
828 2696 1024 2752 ἐοῦσαι
1065 2691 1243 2751 ἀσταί
1288 2716 1349 2750 τε
1405 2691 1498 2750 καὶ
1547 2696 1658 2752 τῶν
1715 2692 1950 2769 πρώτων

342 2779 733 2856 Σπαρτιητέων
771 2779 1084 2861 θυγατέρες,
1119 2779 1375 2838 ἐσελθεῖν
1412 2804 1477 2839 τε
1513 2784 1568 2843 ἐς
1609 2779 1715 2856 τήν
1748 2780 1948 2858 ἐρκτῆν

341 2865 433 2923 καὶ
459 2871 515 2929 ἐς
552 2865 760 2945 λόγους
786 2867 971 2926 ἐλθεῖν
1006 2866 1217 2941 ἑκάστη
1248 2870 1325 2944 τῷ
1358 2869 1560 2942 ἑωυτῆς
1586 2865 1761 2946 ἀνδρί·
1803 2872 1861 2928 οἱ
1886 2869 1947 2929 δε

340 2956 528 3024 σφεας
565 2955 822 3026 παρῆκαν
862 2951 1060 3014 οὐδένα
1099 2952 1269 3014 δόλον
1311 2954 1595 3018 δοκέοντες
1637 2956 1701 3025 ἐξ
1737 2954 1949 3017 αὐτέων

341 3034 592 3095 ἔσεσθαι·
650 3062 710 3095 αι
754 3038 815 3096 δὲ
863 3041 990 3098 ἐπεί
1033 3065 1099 3100 τε
1152 3043 1421 3116 ἐσῆλθον,
1468 3046 1695 3102 ποιεῦσι
1737 3042 1950 3103 τοιάδε·

340 3121 533 3178 πᾶσαν
561 3145 667 3193 την
701 3121 854 3199 εἶχον
887 3126 1104 3202 ἐσθῆτα
1133 3129 1495 3204 παραδοῦσαι
1527 3133 1684 3190 τοῖσι
1709 3129 1953 3206 ἀνδράσι

343 3196 503 3255 αυταὶ
566 3203 670 3274 Τὴν
733 3211 846 3265 τῶν
910 3210 1121 3287 ἀνδρῶν
1188 3215 1423 3290 ἔλαβον·
1495 3218 1551 3276 οἶ
1611 3216 1672 3277 δὲ
1733 3217 1953 3281 Μινύαι
