2184 3517
194 116 390 181 9—13]
756 87 767 112 ’
844 118 1171 169 mmmm.
1709 123 1809 170 113

194 197 419 275 ἡμέρην
458 198 688 281 γίνεται.
772 197 959 275 ἔτερον
1001 201 1257 259 τοιοῦτον
1305 199 1519 260 κόλπον
1563 200 1657 259 καὶ
1705 198 1812 275 τὴν

195 286 490 367 Αἴγυπτον
510 284 679 344 δοκέω
697 285 962 366 γενέσθαι
983 310 1101 345 κου·
1137 285 1236 347 τόν
1254 289 1358 364 μὲν
1378 292 1439 360 ἐκ
1457 290 1558 363 τῆς
1571 288 1810 364 βορηίης

197 372 508 449 θαλάσσης
551 371 765 434 κόλπον
807 374 1080 452 ἐσέχοντα
1124 374 1216 434 ἐπὶ
1257 375 1568 452 Αἰθιοπίης·
1609 376 1711 436 τᾶν
1749 377 1811 436 δὲ

197 460 518 546 [Apamam
536 459 637 521 τόν
662 462 898 540 ἔρχομαι
923 461 1124 544 λέξων]
1151 467 1211 522 ἐκ
1229 466 1332 539 τῆς
1355 464 1540 539 νοτίης
1566 464 1811 541 φέροντα

199 551 295 609 ἐπὶ
338 549 563 626 Συρίης·
603 549 812 628 σχεδὸν
836 551 940 626 μὲν
966 549 1283 627 ἀλλήλοισι
1321 552 1811 628 συντετραίνοντας

198 637 332 701 τούς
385 636 615 715 μυχοῧς,
669 636 868 718 ὀλίγον
918 637 982 696 δέ
1028 663 1086 698 τι
1136 638 1657 717 παραλλάσσοντας
1707 643 1811 717 τῆς

199 724 407 803 χώρης·
458 729 509 785 εἰ
552 723 629 786 ὦν
673 725 741 801 δὴ
791 724 1052 801 ἐθελήσει
1097 727 1359 804 ἐκτρέψαι
1397 725 1464 787 ra
1506 727 1734 805 ῥέεθρον
1775 727 1811 788 ὅ

202 816 418 878 Νεῖλος
443 817 500 880 ἐς
521 817 721 874 τοῦτον
738 820 839 873 τόν
858 812 1140 890 ,Ἀράβιον
1167 814 1401 886 κόλπον,
1413 815 1475 875 τί
1494 841 1593 893 μιν
1613 815 1812 877 κωλύει
1899 823 1904 832 ’

202 902 428 977 ῥέοντος
442 901 644 962 τούτου
665 902 1017 981 ἐκχωσθῆναι
1036 901 1191 967 ἐντός
1211 929 1279 984 γε
1300 903 1602 982 δισμυρίων
1622 905 1808 975 ἐτέων;
1893 891 1902 928 ³

204 989 312 1070 ἐγὼ
347 989 589 1073 μὲν,γάρ
617 990 869 1066 ἔλπομαί
887 1014 956 1071 γε
983 990 1075 1049 καὶ
1100 991 1309 1068 μυρίων
1335 990 1488 1054 ἐντός
1519 992 1811 1070 χωσθῆναι

203 1075 290 1137 ἅν·
332 1081 435 1137 κοῦ
465 1102 534 1159 γε
560 1076 628 1153 δὴ
658 1082 716 1138 ἐν
739 1082 816 1156 τῷ
842 1078 1378 1157 προαναισιμωμένῳ
1408 1077 1591 1157 χρόνῳ
1616 1079 1813 1155 πρότε-

201 1190 303 1242 ρον
354 1163 395 1241 ἢ
450 1167 548 1242 ἐμὲ
597 1165 866 1247 γενέσθαι
918 1163 1018 1224 οὔκ
1062 1163 1132 1227 ἂν
1171 1166 1421 1244 χωσθείη
1465 1163 1676 1228 κόλπος
1721 1166 1814 1225 καὶ

201 1257 407 1333 πολλῷ
444 1254 622 1331 μέζων
648 1254 730 1313 ἔτι
758 1251 975 1323 τούτου,
1002 1252 1116 1313 υπὸ
1152 1251 1428 1314 τοσούτου
1456 1277 1521 1313 τε
1551 1257 1810 1330 ποταμοῦ

203 1342 295 1401 καὶ
322 1341 496 1405 οὕτως
521 1346 836 1423 ἐργατικοῦς
880 1340 965 1400 Tot
982 1341 1111 1419 περὶ
1131 1342 1418 1422 Αἴγυπτον
1445 1341 1519 1401 ὦν
1539 1341 1632 1400 καὶ
1656 1344 1811 1402 τοῖσι
1831 1343 1908 1402 12

202 1430 444 1511 λέγουσι
469 1455 612 1489 αυτα
638 1428 921 1506 πείθομαι,
952 1430 1044 1488 καὶ
1077 1427 1244 1492 αὗτος
1272 1429 1413 1490 οὕτω
1440 1428 1616 1507 κάρτα
1643 1429 1814 1489 δοκέω

205 1516 361 1590 εἶναι,
392 1516 518 1577 ἰδῶν
542 1542 606 1577 τε
640 1515 746 1593 τὴν
770 1518 1059 1598 Αἴγυπτον
1083 1518 1452 1595 προκειμένην
1473 1519 1592 1624 *τῆς
1620 1517 1814 1597 ἐχομέ·

205 1630 301 1681 νης
340 1609 468 1687 γῆς,
512 1604 792 1687 κογχύλιά
831 1630 896 1665 τε
938 1603 1251 1682 φαινόμενα
1285 1606 1378 1664 ἐπὶ
1406 1608 1561 1666 τοῖσι
1602 1630 1812 1682 ουρεσι,

207 1694 298 1753 καὶ
344 1692 537 1770 ἅλμην
584 1693 967 1755 ἐπανθέουσαν
1020 1691 1167 1752 ὥστε
1214 1693 1307 1752 καὶ
1357 1693 1460 1756 τοῖς
1502 1693 1816 1770 πυραμίδας

206 1781 528 1858 δηλέεσθαι,
556 1781 649 1841 καὶ
676 1780 911 1861 ψάμμον
946 1784 1155 1859 μοῦνον
1181 1780 1468 1862 Αἰγύπτου
1493 1779 1622 1859 ὅρος
1645 1786 1814 1841 τοῦτο

206 1871 270 1931 vd
295 1870 438 1947 ὑπὲρ
471 1871 742 1947 Μέμφιος
781 1871 930 1950 ἔχον·
971 1868 1114 1946 πρός
1153 1868 1230 1941 δὲ,
1270 1872 1343 1949 τῇ
1383 1870 1538 1948 χώρῃ
1579 1869 1703 1929 οὕτε
1740 1873 1814 1949 τῇ

206 1956 451 2038 Ἀραβίῃ
475 1958 774 2038 προσούρῳ
802 1957 973 2037 ἐούσῃ
997 1956 1102 2035 τὴν
1118 1958 1404 2041 Αἴγυπτον
1421 1959 1812 2037 προσεικέλην,

207 2047 332 2107 οὔτε
355 2052 429 2127 τῇ
447 2046 657 2127 Λιβύῃ,
687 2047 752 2106 οὗ
776 2046 892 2125 μὴν
917 2045 1042 2105 οὐδὲ
1064 2049 1139 2125 τῇ
1165 2047 1356 2126 Συρίῃ,
1373 2046 1499 2127 (τῆς
1520 2046 1630 2128 γοῖρ
1648 2045 1816 2123 Ἀρα-

204 2137 338 2212 βίης
382 2162 455 2196 τα
499 2161 655 2214 παρα
717 2134 1025 2196 θάλασσαν
1069 2133 1264 2212 Σύριοι
1307 2135 1611 2215 νέμονται,)
1659 2132 1816 2194 ἀλλὰ

203 2222 554 2306 μελάγγαιόν
597 2248 661 2284 τε
706 2223 798 2283 καὶ
846 2222 1372 2303 κατερρηγνυμένην,
1419 2220 1564 2281 ὥστε
1612 2225 1819 2282 ἐοῦσαν

206 2310 331 2374 ἰλύν
360 2337 426 2372 τε
468 2312 563 2371 καὶ
587 2310 868 2391 πρόχυσιν
900 2310 964 2380 ἐξ
994 2309 1291 2386 Αἰθιοπίης
1329 2305 1816 2387 κατενηνειγμένην

203 2399 314 2461 υπό
338 2426 442 2461 του
468 2404 744 2477 ποταμοῦ·
785 2424 892 2474 την
918 2398 980 2458 δὲ
1003 2396 1231 2474 Λιβύην
1253 2397 1412 2474 ιδμεν
1452 2394 1816 2472 ἐρυθροτέρην

204 2514 265 2550 τε
287 2492 401 2571 γῆν
428 2490 522 2548 καὶ
554 2487 1049 2566 ὖποψαμμοτέρην,
1074 2511 1188 2597 τῃν
1223 2485 1285 2545 δὲ
1316 2483 1597 2562 Ἀραβίην
1621 2507 1685 2542 τε
1725 2484 1818 2542 καὶ

206 2578 415 2655 Συρίην
440 2576 923 2659 ἀργιλωδεστέρην
948 2600 1011 2636 τε
1038 2576 1131 2633 καὶ
1156 2571 1473 2651 υπόπετρον
1500 2574 1724 2631 ἐοῦσαν.

271 2665 525 2746 Ἔλεγον
550 2664 610 2723 δὲ
635 2665 728 2723 καὶ
761 2662 891 2724 τόδε
918 2687 1019 2740 μοι
1044 2662 1194 2744 μέγα
1216 2660 1515 2740 τεκμήριον
1546 2660 1674 2738 περὶ
1715 2662 1817 2737 τῆς
1836 2659 1914 2720 13

201 2779 389 2833 χωρης
432 2752 638 2828 ταύτης
682 2755 740 2812 οἱ
786 2750 941 2830 ἱρέες,
990 2777 1064 2814 ως
1109 2751 1203 2809 ἐπὶ
1238 2750 1478 2828 Μοίριος
1522 2748 1817 2824 βασιλέος,

203 2843 343 2906 ὅκως
369 2842 528 2902 ἔλθοι
548 2839 580 2901 ὁ
606 2839 859 2917 ποταμός
878 2839 970 2899 ἐπὶ
994 2838 1141 2899 όκτῶ
1164 2836 1380 2917 πήχεας
1396 2836 1463 2897 τό
1492 2835 1814 2916 ἐλάχιστον,

204 2929 445 3009 ἄρδεσκε
487 2930 776 3011 Αἴγυπτον
815 2927 921 3004 τὴν
958 2927 1142 3004 ἔνερθε
1180 2926 1468 3003 Μέμφιος·
1510 2925 1604 2983 καὶ
1642 2924 1819 3001 Μοίρι

206 3044 270 3078 ου
297 3045 376 3079 κω
396 3017 468 3094 ἦν
495 3018 620 3078 ἔτεα
646 3014 931 3078 εἰνακόσια
954 3011 1433 3088 τετελευτηκότι
1402 3036 1495 3071 οτε
1521 3036 1633 3070 των
1661 3011 1818 3087 ἱρέων

203 3111 382 3167 ταῦτα
425 3105 536 3187 ἐγω
571 3104 796 3182 ἤκουον·
853 3108 953 3164 νῦν
995 3102 1071 3171 δὲ,
1108 3099 1180 3175 ἦν
1213 3124 1295 3176 μη
1333 3097 1416 3156 ἐπ’
1467 3095 1813 3155 ἑκκαίδεκα*
1776 3122 1816 3171 η

204 3194 600 3256 πεντεκαίδεκα
625 3191 842 3271 πήχεας
869 3190 1058 3294 ἀναβῇ
1075 3213 1144 3247 το
1126 3182 1528 3262 ἐλάχιστονε
1496 3210 1528 3243 ο
1546 3182 1818 3260 ποταμὸς,

205 3309 306 3344 ουκ
332 3281 666 3409 υῶερΒαίνει
701 3285 757 3342 ἐς
780 3303 885 3353 την
911 3300 1118 3355 χωρην.
1201 3270 1464 3332 δοκέουσί
1501 3296 1564 3331 τε
1597 3296 1695 3348 μοι
1721 3275 1820 3330 Αἰ-
