2184 3517
179 111 406 171 37—40]
859 111 1187 162 ΕΤΤΕΡΠΗ.
1688 111 1787 165 127

178 192 524 272 τεταγμένος
558 195 667 253 τῶν
706 216 793 257 τις
835 192 1010 269 ἶρέων,
1046 191 1141 252 καὶ
1182 190 1354 269 ὅρθοῧ
1386 194 1654 255 ἑστεῶτος
1687 193 1789 251 τοῦ

183 279 417 356 κτήνεος
451 280 545 339 καὶ
580 279 796 350 ὖπτίου,
831 281 925 339 καὶ
959 278 1065 356 τήν
1098 282 1378 360 γλῶσσαν
1413 276 1714 355 ἐξειρύσας,
1741 279 1791 339 εἶ

184 366 408 445 καθαρῆ
434 371 545 428 τῶν
580 368 955 446 προκειμένων
990 367 1263 443 σημηίων,
1288 365 1362 426 τά
1398 364 1507 447 ἐγώ
1539 369 1598 425 ἐν
1629 363 1790 444 ἄλλῳ

184 455 344 536 λόγῳ
375 458 525 533 ἐρέω·
569 458 779 534 κατορᾷ
811 455 871 515 δὲ
908 456 1003 515 καὶ
1032 454 1135 518 τσῖς
1168 454 1364 533 τρίχας
1397 457 1500 529 τῆς
1530 451 1712 530 οὖρῆς,
1742 455 1791 513 εἷ

185 544 331 603 κατοῖ
361 543 537 620 φύσιν
568 544 683 623 ἔχει
714 543 1041 619 πεφυκυίας·
1081 540 1153 619 ἣν
1184 542 1244 601 δὲ
1273 539 1482 602 τούτων
1506 539 1726 601 πάντων
1751 539 1790 622 ᾖ

185 630 449 709 καθαρὸς,
469 631 805 710 σημαίνεται
828 630 1041 710 βύβλῳ
1060 630 1191 708 περὶ
1215 630 1287 691 τοὶ
1314 630 1475 707 κέρεα
1501 630 1788 690 εἱλίσσων·

186 719 284 777 καὶ
330 720 521 779 ἔπειτα
561 722 671 801 γῆν
710 719 1064 797 σημαντρίδα
1104 717 1441 788 ἐπιπλάσας,
1484 716 1791 794 ἐπιβάλλει

184 805 289 867 τᾶν
320 806 637 867 δακτύλιον·
679 807 773 866 καὶ
813 805 955 867 οὕτω
991 806 1298 888 ἀπάγουσι.
1365 804 1692 883 ἀσήμαντον
1731 804 1792 866 δὲ

188 892 426 956 θύσαντι
477 894 713 959 θάνατος
754 894 793 972 ἦ
840 895 1011 975 ζημίη
1064 896 1357 955 ἐπικέεται.
1438 893 1790 970 δοκιμάζεται

185 983 293 1059 μέν
317 1009 416 1044 νυν
439 982 505 1044 τό
539 987 738 1060 κτῆνος
760 982 949 1063 τρόπῳ
973 983 1185 1064 τοιῷδε.
1254 982 1439 1059 Θυσίη
1465 982 1527 1042 δέ
1555 986 1668 1057 σφι
1692 980 1791 1057 ἥδε

188 1071 516 1147 κατέστηκε·
549 1069 854 1153 α’γαγόντες
878 1070 946 1133 τὰ
972 1071 1415 1148 σεσημασμένον
1435 1074 1632 1145 κτῆνος
1651 1068 1790 1146 πρὸς
1806 1070 1884 1131 39

185 1156 287 1219 τᾶν
310 1157 530 1235 βωμὸν,
556 1158 690 1219 ὅκου
715 1157 785 1220 ἂν
811 1158 1004 1230 θύωσι,
1030 1159 1214 1238 πυρὴν
1241 1158 1481 1218 καίουσι·
1514 1158 1703 1217 ἔπειτα
1730 1156 1790 1216 δὲ

189 1244 275 1305 ἐπ’
300 1246 472 1307 αὐτοῦ
507 1246 658 1308 οἶνον
691 1247 833 1308 κατὰ
866 1252 968 1308 τοῦ
1001 1248 1181 1325 ἶρηΐου
1218 1247 1661 1315 ἐπισπείσαντες,
1698 1245 1792 1305 καὶ

188 1336 623 1400 ἐπικαλέσαντες
660 1336 761 1397 τὸν
802 1335 947 1407 θεόν,
989 1336 1299 1413 σφάζουσι·
1355 1333 1675 1411 σφάξαντες
1713 1333 1791 1405 δὲ,

188 1421 581 1500 ἀποτάμνουσι
605 1423 709 1501 τήν
729 1423 1006 1501 κεφαλήν·
1035 1429 1204 1501 σῶμα
1228 1426 1333 1502 μὲν
1353 1422 1421 1499 δή
1446 1425 1548 1484 τοῦ
1569 1420 1794 1497 κτήνεος

188 1510 455 1588 δείρουσι·
511 1515 735 1591 κεφαλῇ
781 1512 841 1571 δὲ
888 1513 1038 1591 κείνῃ
1082 1511 1280 1572 πολλὰ
1325 1509 1790 1589 καταρησάμενοι,

187 1599 449 1676 φέρουσι·
489 1602 644 1660 τοῖσι
667 1602 771 1677 μὲν
808 1597 875 1663 ἂν
905 1598 945 1679 ᾗ
971 1598 1152 1681 ἀγορή
1180 1600 1273 1659 καὶ
1296 1599 1576 1675 Ἕλληνές
1612 1605 1789 1675 σφισι

188 1687 321 1747 ἔωσι
340 1687 624 1765 ἐπιδήμιοι
649 1688 900 1765 ἔμποροι,
922 1690 977 1748 οἱ
1002 1688 1063 1747 δὲ
1082 1688 1349 1765 φέροντες
1374 1692 1430 1751 ἐς
1453 1686 1557 1763 τήν
1576 1685 1793 1767 ἀγορήν

187 1772 283 1835 ἀπ’
309 1773 385 1835 ὧν
412 1775 619 1836 ἔδοντο·
658 1779 811 1837 τοῖσι
843 1776 904 1835 δὲ
934 1774 1005 1837 ἂν
1028 1776 1111 1853 μή
1139 1776 1389 1854 παρέωσι
1411 1773 1709 1851 Ἕλληνες,
1737 1776 1793 1835 οἶ

188 1862 235 1922 δ’
262 1863 622 1940 ἐκβάλλουσι
648 1867 702 1928 ἐς
731 1864 831 1924 τὸν
857 1862 1132 1941 ποταμόν·
1176 1865 1536 1942 καταρέοιςται
1568 1863 1628 1922 δὲ
1658 1862 1794 1923 τάδε

188 1951 450 2032 λέγοντες
493 1955 632 2031 τῇσι
678 1956 987 2030 κεφαλῇσι·
1043 1962 1079 1988 “
1097 1953 1148 2012 εἴ
1183 1977 1241 2012 τι
1285 1953 1493 2029 μέλλοι
1534 1950 1573 2028 ἢ
1615 1952 1794 2027 σφίσι

188 2044 342 2100 τοῖσι
379 2039 580 2101 θύουσι
610 2038 649 2117 ἢ
681 2039 945 2122 Αἰγύπτῳ
976 2044 1049 2120 τῇ
1086 2041 1389 2120 συναπάσῃ
1431 2039 1602 2100 κακὸν
1640 2039 1791 2121 γενέ·

169 2128 344 2198 σθαι,
374 2133 432 2193 ἐς
459 2128 716 2205 κεφαλήν
741 2127 949 2205 ταύτην
973 2127 1341 2207 τραπέσθαι.”
1398 2128 1544 2199 ,κατὰ
1567 2130 1673 2204 μέν
1698 2154 1794 2189 νυν

187 2215 287 2279 τοὶς
328 2215 587 2292 κεφαλάς
630 2220 741 2277 τῶν
782 2217 1061 2294 θυομένων
1110 2217 1347 2292 κτηνέων
1386 2218 1479 2276 καὶ
1529 2214 1634 2292 τήν
1676 2217 1791 2277 ἐπί-

194 2327 423 2364 σπεισιν
458 2308 560 2366 τοῦ
594 2305 761 2376 οἴνου,
799 2305 1000 2369 πάντες
1036 2304 1336 2385 Αἰγύπτιοι
1370 2303 1597 2381 νόμοισι
1636 2307 1791 2364 τοῖσι

191 2391 415 2452 αὐτοῖσι
440 2392 711 2472 χρέωνται
742 2392 945 2470 ὁμοίως
978 2398 1033 2457 ἐς
1070 2391 1254 2453 πάντα
1284 2390 1357 2452 τοὶ
1393 2390 1503 2468 ἱρά·
1547 2391 1639 2449 καὶ
1679 2389 1792 2451 ἀπὸ

189 2479 386 2541 τούτου
418 2485 521 2541 τοῦ
554 2479 744 2558 νόμου,
780 2480 906 2542 οὐδὲ
943 2480 1127 2541 ἄλλου
1165 2479 1384 2544 οὗδενὸς
1421 2476 1675 2558 ἐμψύχου
1708 2504 1791 2538 κε·

192 2572 382 2645 φαλῆς
395 2567 661 2650 γεύσεται
678 2569 994 2650 Αἰγυπτίων
1011 2568 1207 2633 οὐδείς.
1260 2567 1335 2628 Ἡ
1358 2568 1416 2627 δὲ
1432 2567 1501 2643 δὴ
1520 2566 1793 2644 ἐξαίρεσις
1807 2568 1887 2628 40

188 2660 294 2717 τῶν
333 2660 469 2734 ἱρῶν
505 2658 597 2716 καὶ
638 2657 677 2734 ἦ
718 2661 915 2722 καῦσις
959 2656 1114 2734 άλλη
1157 2656 1285 2735 περὶ
1328 2655 1479 2716 ἄλλο
1521 2655 1639 2733 ἱρόν
1679 2663 1793 2732 σφι

189 2746 515 2822 κατέστηκε.
583 2745 688 2823 τήν
721 2742 872 2807 δ”ὦν
895 2746 1173 2827 μεγίστην
1197 2771 1260 2806 τε
1292 2745 1528 2823 δαίμονα
1557 2743 1793 2826 ἥγηνται

189 2832 343 2905 εἶναι,
373 2835 468 2893 καὶ
493 2834 769 2915 μεγίστην
795 2836 848 2894 οἳ
881 2833 1018 2912 ὄρτῆ
1022 2859 1053 2894 ν
1084 2833 1375 2914 οἷνάγουσι,
1402 2831 1609 2907 ταύτην
1636 2833 1790 2911 ἔρχο-

186 2947 289 2998 μαι
308 2922 496 2999 ἐρέων·
531 2920 699 2982 ἐπεοῖν
720 2920 1057 3000 ἀποδείρωσι
1075 2920 1178 2983 τᾶν
1201 2924 1363 2999 βοῦν,
1381 2920 1789 2997 κατευξάμενοι,

188 3010 407 3086 κοιλίην
433 3011 537 3086 μὲν
564 3009 747 3086 κεινὴν
764 3014 967 3080 ,πᾶσαν
998 3010 1061 3080 ἐξ
1096 3008 1170 3071 ὧν
1199 3010 1367 3080 εἷλον,
1396 3007 1706 3089 σπλάγχνα
1731 3007 1791 3066 δὲ

189 3098 358 3159 αὐτοῦ
384 3099 650 3159 λείπουσι
678 3102 736 3159 ἐν
760 3102 838 3178 τῷ
863 3099 1085 3174 σώματι
1112 3098 1205 3156 καὶ
1228 3096 1332 3172 τὴν
1357 3095 1621 3175 πιμελήν·
1664 3096 1791 3155 σκέ-

189 3189 293 3247 λεα
319 3188 380 3247 δὲ
413 3185 822 3264 ἀποτάμνουσι,
851 3188 945 3246 καὶ
975 3185 1080 3261 τήν
1107 3184 1297 3259 ὀσφῦν
1323 3183 1512 3260 ἄκρην,
1543 3184 1635 3243 καὶ
1665 3183 1793 3247 τούς

191 3272 372 3352 ὤμους
396 3298 463 3335 τε
489 3274 582 3334 καὶ
604 3274 705 3335 τὸν
723 3274 1031 3353 τράχηλον·
1061 3275 1241 3332 ταῦτα
1266 3270 1326 3330 δὲ
1351 3270 1705 3345 ποιήσαντες,
1723 3269 1793 3331 τό
