2184 3517
240 111 324 170 44,
348 112 436 173 45]
847 112 1303 166 MEAHOMENH.
1754 117 1849 170 297

240 189 504 249 πλοίοισι
552 189 766 254 ἄλλους
813 217 876 250 τε
926 196 1082 252 τοῖσι
1125 194 1382 253 ε’πίστευε
1428 218 1533 270 την
1574 194 1851 272 άληθηΐην

239 278 430 353 ἐρέειν,
459 278 552 335 καὶ
584 278 654 352 δή
694 278 785 336 καὶ
812 278 1078 371 Σκύλακα
1115 279 1286 358 ἄνδρα
1323 283 1670 359 Καρυανδέα·
1712 288 1766 343 οἱ
1792 284 1852 344 δὲ

236 363 576 441 ὁρμηθέντες
613 370 667 429 ἐς
701 340 1088 444 Κασπατύρου
1124 394 1188 429 τε
1225 367 1425 433 πόλιος
1452 371 1544 430 καὶ
1569 374 1670 446 τῆς
1696 377 1849 430 Πακ-

234 455 431 527 τυῖκῆς
469 458 590 533 γῆς,
636 455 837 515 ἔπλεον
877 454 1019 514 κατοὶ
1059 456 1316 533 ποταμὸν
1356 457 1498 535 πρός
1537 457 1619 534 ἠῶ
1655 485 1721 518 τε
1757 460 1849 518 καὶ

234 538 408 614 ἤλίου
434 540 713 606 ἀνατολὰς
738 547 793 606 ἐς
820 543 1144 603 θάλασσαν·
1180 543 1271 603 διὰ
1299 545 1600 622 θαλάσσης
1626 546 1687 606 δὲ
1705 546 1845 625 πρὸς

237 629 488 705 ἑσπέρην
530 631 810 701 πλέοντες,
852 636 1167 711 τριηκοστῷ
1214 634 1348 708 μηνὶ
1395 632 1748 695 ἀπικνέονται
1788 640 1843 698 ἔς

234 721 440 775 τοῦτον
467 715 567 776 τὸν
595 721 780 796 χῶρον
812 717 941 778 ὅθεν
976 718 1010 779 6
1050 721 1367 802 Αἰγιηττίων
1401 722 1684 797 βασιλεύς
1717 721 1848 786 τούς

235 805 513 875 Φοίνικας,
539 805 669 869 τούς
703 806 977 884 πρότερον
1005 808 1152 877 εἶπα,
1181 808 1482 870 ἀπέστειλε
1508 811 1846 887 περιπλώειν

233 891 483 969 Λιβύην·
523 894 667 970 μετοὶ
693 895 753 954 δὲ
778 895 1007 959 τούτους
1040 896 1521 973 περιπλώσαντας,
1548 897 1756 962 Ἰνδούς
1781 925 1843 958 τε

235 983 658 1060 κατεστρέψατο
696 987 935 1060 Δαρεῖος
962 985 1055 1044 καὶ
1079 989 1153 1063 τῇ
1180 984 1450 1064 θαλάσσῃ
1477 985 1652 1063 ταύτῃ
1681 990 1844 1065 ε’χρᾶ-

231 1093 324 1127 το·
370 1069 512 1129 οὕτω
547 1070 639 1129 καὶ
669 1076 770 1147 τῆς
802 1070 1017 1149 Ἀσίης,
1059 1071 1213 1152 πλὴν
1239 1072 1322 1132 ’τοὶ
1358 1073 1500 1149 πρὸς
1525 1072 1721 1155 η’έλιον
1747 1074 1838 1134 οἷν.

233 1157 494 1235 ίσχοντα,
536 1158 606 1219 τοῖ
647 1158 803 1218 ἅλλα
843 1159 1138 1237 ἀνεύρηται
1178 1160 1347 1239 ὁμοῖα
1378 1162 1734 1240 παρεχομένη
1769 1166 1840 1241 τῇ

228 1244 449 1325 Λιβύῃ.
517 1246 592 1305 ‘H
635 1247 695 1306 δὲ
735 1247 807 1323 δή
846 1247 1091 1326 Εὗρώπη
1134 1249 1276 1327 πρὸς
1322 1249 1575 1326 οὖδαμῶν
1619 1248 1836 1326 φανερή
1854 1251 1932 1312 45

230 1337 362 1393 ε’στι
386 1335 784 1415 γινωσκομένη,
804 1361 931 1396 ουτε
956 1337 1027 1396 τὰ
1053 1336 1195 1413 πρὸς
1220 1336 1414 1413 ἠέλιον
1442 1336 1839 1409 ανατέλλοντα,

230 1419 363 1481 οὔτε
385 1421 458 1482 τοὶ
483 1422 622 1500 πρῦς
646 1425 834 1501 βορῆν
861 1427 908 1483 εἴ
934 1424 1260 1502 περίρρυτός
1286 1430 1429 1485 ἔστι·
1470 1424 1637 1502 μήκεϊ
1662 1425 1722 1485 δὲ
1754 1452 1840 1506 γι-

228 1509 505 1570 νώσκεται
528 1536 643 1588 παρ
643 1510 1000 1589 ’ἀμφοτέρας
1019 1512 1372 1590 παρήκουσα.
1433 1512 1602 1572 οὐδ”
1573 1539 1680 1591 εχω
1700 1539 1839 1590 συμ-

226 1597 581 1672 βαλέσθαι’
557 1598 639 1659 επ’
665 1598 791 1659 ὅτευ
816 1604 920 1678 μιῇ
955 1600 1127 1679 εἀἳσῃ
1152 1604 1229 1680 γῇ
1257 1600 1538 1679 οὐνόματα
1562 1600 1839 1678 τριφάσια

228 1686 417 1745 κέεται
464 1688 770 1765 ἐπωνυμίας
818 1688 1016 1768 ἔχοντα
1055 1693 1344 1770 γυναικῶν,
1387 1690 1480 1749 καὶ
1523 1689 1839 1767 οὐρίσματα

143 1832 152 1837 ,
226 1773 375 1853 αὐτῇ
394 1773 602 1838 Νεῖλός
619 1802 682 1835 τε
708 1775 740 1835 6
766 1775 1069 1857 Αἰγύπτιος
1088 1777 1340 1855 ποταμός
1357 1779 1533 1854 ε’τέθη,
1552 1779 1643 1837 καὶ
1659 1777 1840 1842 Φάσις

223 1889 258 1921 ο
300 1861 550 1942 Κόλχος·
592 1865 671 1944 (οἶ
707 1864 767 1923 δὲ
801 1863 1007 1925 Τάναϊν
1041 1866 1298 1942 ποταμὸν
1329 1865 1429 1926 τόν
1454 1865 1718 1942 Μαιήτην
1744 1867 1837 1926 καὶ

221 1951 537 2028 Πορθμήῖα
575 1979 648 2012 τα
690 1952 976 2030 Κιμμέρια
1009 1954 1288 2034 λέγουσι·)
1329 1953 1456 2013 ούδε
1492 1959 1602 2014 τῶν
1638 1954 1836 2033 διουρι-

220 2064 449 2098 σαντων
481 2067 550 2100 τα
594 2039 875 2116 ουνόματα
907 2042 1205 2111 πυθέσθαι,
1240 2043 1330 2100 καὶ
1357 2042 1485 2102 οθεν
1517 2043 1704 2102 ἔθεντο
1733 2070 1836 2108 τας

219 2129 557 2204 ἐπωνυμίας·
595 2127 634 2214 ἦ
662 2128 729 2204 δή
757 2128 866 2209 γὰρ
892 2128 1087 2205 Λιβύη
1111 2131 1216 2205 μὲν
1242 2131 1334 2187 ε’πὶ
1364 2129 1586 2205 Λιβύης
1610 2132 1836 2212 λέγεται

217 2213 339 2274 ὖπό
364 2242 475 2275 των
500 2220 732 2277 πολλῶν
756 2216 1098 2292 Ἑλλήνων”
1070 2243 1215 2296 εχειν
1239 2216 1306 2276 τὸ
1340 2215 1549 2292 οὕνομα
1573 2218 1833 2298 γυναικός

218 2301 586 2383 αυτόχθονος·
624 2331 662 2380 η
690 2305 751 2364 δὲ
780 2305 1004 2376 Ἀσίη’
978 2306 1069 2364 επὶ
1095 2309 1197 2381 τῆς
1222 2305 1557 2382 Προμηθέος
1581 2305 1838 2385 γυναικὸς

216 2390 334 2465 τὴν
358 2392 685 2469 ἐπωνυμίην·
718 2394 812 2452 καὶ
836 2392 1037 2453 τούτου
1052 2395 1158 2470 μὲν
1175 2391 1710 2469 μεταλαμβάνονται
1733 2398 1835 2453 τοῦ

221 2477 540 2556 οὗνόματος
570 2481 763 2552 Λυδοὶ,
793 2481 1035 2558 φάμενοι
1069 2482 1161 2539 ε’πὶ
1195 2481 1416 2552 Ἀσίεω,
1456 2485 1559 2540 τοῦ
1601 2480 1834 2552 Κότυος,

217 2570 330 2626 τοῦ
368 2567 589 2640 Μάνεω,
619 2571 931 2645 κεκλῆσθαι
956 2567 1060 2645 τήν
1083 2569 1299 2646 Ἀσίην,
1330 2568 1461 2628 ἀλλ’
1480 2568 1589 2649 ούκ
1618 2569 1709 2628 ἐπὶ
1734 2572 1836 2645 τῆς

220 2657 564 2733 Προμηθέος
587 2656 804 2733 Ἀσίης·
849 2656 944 2716 ἀπ’
971 2655 1098 2716 ὅτευ
1124 2659 1215 2716 καὶ
1240 2658 1344 2733 τήν
1372 2663 1430 2718 ἐν
1458 2656 1695 2735 Σάρδισι
1729 2663 1833 2733 φυ-

217 2742 338 2818 λῆν
380 2745 692 2820 κεκλῆσθαι
730 2745 989 2804 Ἀσιάδα.
1057 2744 1097 2820 ἦ
1138 2745 1198 2804 δὲ
1231 2745 1299 2821 δή
1337 2744 1579 2823 Εὐρώπη
1616 2745 1742 2806 οὔτε
1785 2750 1835 2805 εἰ

219 2824 552 2910 περίρρυτός
578 2838 701 2894 ε’στι
726 2833 1059 2915 γινώσκεται
1076 2834 1219 2909 πρὸς
1245 2832 1499 2910 οὐδαμῶν
1515 2833 1830 2911 ἀνθρώπων,

207 2917 353 2978 ὀὔτε
387 2919 586 2981 ὁκόθεν
616 2921 687 2981 τό
725 2920 935 2999 οὕνομα
977 2922 1156 2997 ἔλαβε
1193 2924 1380 2990 τοῦτο,
1421 2920 1547 2980 οὔτε
1578 2920 1736 2985 ὅστις
1776 2924 1830 2981 οἶ

217 3005 296 3082 ἦν
322 3007 354 3067 ὁ
383 3009 611 3085 θέμενος
639 3009 915 3085 φαίνεται·
959 3013 1008 3067 εἰ
1014 3009 1123 3117 xpm}
1157 3008 1268 3068 σῖπὸ
1295 3012 1396 3083 τῆς
1420 3008 1621 3084 Τυρίης
1649 3008 1834 3118 φήσο-

217 3119 329 3171 μεν
347 3096 623 3175 Εὐρώπης
648 3099 855 3173 λαβεῖν
878 3095 946 3156 τό
973 3121 1183 3173 ουνομα
1208 3095 1312 3170 τήν
1336 3094 1538 3174 χώρην,
1561 3096 1832 3181 πρότερον

205 3183 362 3241 ’δε’
323 3210 394 3260 ην
429 3212 539 3264 αρα
571 3185 867 3276 ἀνώνυμος,
897 3183 1085 3262 ὥσπερ
1113 3211 1172 3242 αι
1199 3185 1397 3261 ἕτεραι·
1439 3181 1569 3241 ἀλλ’
1599 3208 1737 3259 αυτη
1764 3208 1831 3264 γε

221 3275 288 3330 ἐκ
322 3276 424 3347 τῆς
452 3273 653 3350 Ἀσίης
676 3299 739 3333 τε
767 3271 1026 3349 φαίνεται
1053 3276 1244 3342 ἐοῦσα,
1272 3272 1364 3331 καὶ
1393 3298 1492 3332 ουκ
1520 3271 1829 3348 ἀπικομένη

370 3353 433 3398 24
