2184 3517
365 112 461 160 188
976 111 1345 161 ·11P0A0To·r
1863 108 1970 173 [11.

354 194 463 249 τοῦ
489 188 564 250 ὦν
589 189 658 266 δη
687 189 875 266 ουρεος
899 190 1103 250 τούτου
1134 190 1289 268 παρὰ
1317 189 1424 267 τήν
1449 188 1702 267 υπωρέην
1726 187 1896 265 ἦκται
1930 186 1980 265 ἤ

365 276 633 355 διώρυξ’
598 278 692 337 απ’
722 279 960 354 ἑσπέρης
989 276 1179 355 μακρὴ
1205 277 1350 355 πρὸς
1383 277 1487 353 τὴν
1511 277 1611 352 ἠῶ·
1655 278 1748 335 καὶ
1779 279 1974 336 ἔπειτα

364 366 529 425 τείνει
566 370 621 429 ἐς
658 366 980 446 διασφάγας
1008 364 1294 443 φερούσας
1325 364 1439 424 ‹in-6
1474 370 1575 425 τοῦ
1608 362 1797 441 οὔρεος
1829 365 1975 442 πρός

366 454 733 532 μεσαμβρίην
757 479 820 514 τε
857 453 949 512 καὶ
980 451 1144 513 νότον
1172 451 1392 529 ἄνεμον,
1420 457 1476 517 ἐς
1504 452 1603 512 τόν
1631 451 1847 511 κόλπον
1870 452 1975 512 τόν

365 538 650 617 Ἀράβιον.
719 544 792 618 τῇ
826 540 887 600 δὲ
921 539 1228 620 ἐλάχιστόν
1260 545 1383 600 ε’στι
1416 541 1509 600 καὶ
1538 539 1976 616 συντομώτατον

369 632 430 687 ἐκ
463 633 563 703 τῆς
596 628 834 705 βορηίης
866 628 1168 704 θαλάσσης
1200 626 1518 705 ὑπερβῆναι
1555 631 1611 691 ἐς
1644 627 1749 703 τήν
1780 628 1976 703 νοτίην

369 716 461 774 καὶ
484 715 760 793 Ἐρυθρὴν
784 716 888 791 τὴν
914 715 1090 792 αὖτήν
1115 714 1323 795 ταύτην
1350 715 1709 791 καλεομένην,
1733 714 1848 775 ‹far-6
1869 717 1975 775 τοῦ

369 804 593 863 Κασίου
625 801 815 881 οὔρεος
847 806 948 863 τοῦ
982 803 1295 880 οὐρίζοντος
1325 803 1610 885 Αἴγυπτόν
1635 828 1699 862 τε
1736 804 1830 862 καὶ
1868 804 1975 867 Συ·

367 892 510 967 ρίην,
537 889 650 951 οἷπὸ
684 890 886 950 τούτου
923 890 1035 951 εἰσὶ
1069 890 1293 952 στάδιοι
1324 891 1503 970 χίλιοι
1537 889 1747 967 οἷπαρτὶ
1779 896 1837 954 ἐς
1871 890 1976 951 τᾶν

359 977 641 1057 -Ἀράβιον
667 978 900 1039 κόλπον.
955 984 1125 1040 τοῦτο
1148 981 1253 1056 μὲν
1277 979 1344 1039 vd
1371 977 1818 1056 συντομώτατον·
1851 978 1890 1055 ἦ
1911 979 1975 1039 δὲ

371 1066 572 1145 διώρυξ
599 1070 799 1146 πολλῷ
821 1068 1140 1146 μακροτέρη
1166 1066 1284 1147 ὅσῳ
1310 1067 1655 1144 σκολιωτέρη
1681 1067 1825 1127 ε’στί·
1866 1066 1977 1143 τήν

371 1155 463 1214 ἐπὶ
489 1159 653 1214 Νεκῶ
677 1155 957 1232 βασιλέος
981 1153 1322 1231 ὀρύσσοντες
1340 1155 1656 1234 Αἰγυπτίων
1674 1153 1977 1215 ἀπώλοντο

369 1242 610 1302 δυώδεκα
637 1242 915 1320 μυριάδες.
983 1240 1179 1304 Νεκῶς
1209 1241 1314 1317 μέν
1339 1239 1673 1318 νυν-μεταξῦ
1708 1239 1978 1318 ὀρύσσων

371 1328 672 1400 ἐπαύσατο,
692 1330 962 1407 μαντηΐου
989 1328 1255 1406 ἐμποδίου
1274 1329 1574 1410 γενομένου
1596 1328 1833 1399 τοιοῦδε,
1852 1333 1979 1410 “τῷ

368 1418 650 1496 βαρβάρῳ
671 1415 839 1477 αὗτόν
862 1415 1363 1497 προεργάζεσθαι·”
1392 1415 1723 1494 βαρβάρους
1748 1416 1808 1475 δὲ
1834 1416 1978 1479 πάν-

369 1529 470 1566 τας
496 1507 551 1563 οἱ
583 1502 878 1584 Αἰγύπτιοι
903 1506 1175 1564 καλέουσι
1198 1503 1332 1568 τοῦς
1359 1504 1442 1581 μή
1469 1505 1646 1580 σφίσι
1671 1503 1976 1585 ὁμογλώσ-

277 1594 390 1653 159
377 1617 566 1671 ,ρ’ρυς.
651 1590 1028 1667 Παυσάμενος
1078 1591 1140 1651 δὲ
1190 1595 1292 1667 τῆς
1346 1590 1613 1670 διώρυχος
1669 1590 1703 1651 ὁ
1757 1592 1975 1664 Νεκώς,

371 1679 638 1757 ἐτράπετο
671 1679 813 1755 πρός
849 1680 1172 1756 στρατηΐας·
1215 1680 1307 1738 καὶ
1343 1678 1604 1757 τριήρεες,
1638 1682 1699 1738 αἰ
1731 1682 1839 1755 μὲν
1881 1682 1978 1742 ἐπὶ

368 1771 441 1846 τῇ
466 1767 676 1845 βορηιῃ
696 1766 969 1845 θαλάσσῃ
992 1765 1356 1843 ἐποιήθησαν,
1380 1770 1438 1826 αἰ
1464 1765 1510 1825 δ’
1534 1772 1592 1827 ἐν
1615 1771 1693 1846 τῷ
1715 1765 1978 1849 Ἀραβιω

370 1855 563 1914 κόλπω
595 1855 686 1914 ἐπὶ
723 1859 798 1933 τῇ
826 1854 1072 1933 Ἐρυθρῇ
1112 1853 1403 1934 θαλάσσῃ·
1443 1857 1554 1914 τῶν
1594 1856 1674 1914 ἔτι
1712 1858 1769 1915 οἰ
1806 1855 1978 1917 ὁλκοὶ

369 1916 642 2018 ἐπίδηλοι.
712 1943 804 2002 καὶ
842 1941 1085 2021 ταύτῃσί
1119 1968 1183 2002 τε
1218 1947 1422 2022 ἐχρᾶτο
1454 1946 1513 2003 ἐν
1543 1969 1620 2022 τω
1651 1942 1848 2015 δέοντι,
1877 1946 1977 2005 καὶ

370 2029 604 2106 Σύροισι
633 2029 833 2110 πεζῇ’
799 2057 832 2090 ο
870 2032 1062 2094 Νεκως
1098 2031 1418 2108 συμβαλων
1454 2035 1515 2091 ἐν
1549 2031 1896 2112 Μαγδόλω’
1868 2034 1975 2093 eves·

371 2144 529 2193 κησε·
560 2119 705 2197 μετὰ
730 2120 790 2179 δὲ
814 2118 920 2195 τὴν
943 2118 1150 2198 μάχην,
1181 2119 1429 2179 Κάδυτιν
1452 2119 1622 2180 πόλιν
1638 2124 1741 2195 τῆς
1768 2120 1976 2198 Συρίης

369 2209 575 2267 ἐοῦσαν
608 2206 864 2288 μεγάλην
896 2206 1030 2266 εἷλε·
1071 2212 1133 2267 ἐν
1164 2211 1237 2287 τῇ
1270 2207 1330 2267 δὲ
1365 2208 1565 2283 ε’σθῆτι
1600 2208 1761 2287 ἔτυχε
1794 2212 1975 2269 ταῦτα

373 2325 401 2353 τ·
389 2294 856 2375 υτεργασάμενος
897 2293 1131 2371 οἷνέθηκε
1168 2298 1246 2373 τῷ
1275 2294 1615 2365 Ἀπόλλωνι,
1646 2295 1879 2375 πέμψας
1916 2300 1976 2360 ἐς

377 2385 690 2493 1],ι.[ιγχίδας
723 2383 823 2448 τοὶς
862 2384 1184 2459 Μιλησίων·
1225 2383 1369 2461 μετοῖ
1407 2384 1482 2455 δὲ,
1521 2382 1810 2443 εκκαίδεκα
1844 2386 1975 2445 ἔτεα

373 2501 433 2529 τυ.
473 2473 656 2533 πάντα
691 2471 861 2551 ἄρξας
894 2475 1147 2553 τελευτᾷ,
1174 2475 1251 2552 τῷ
1273 2472 1431 2532 παιδὶ
1456 2470 1657 2550 Ψάμμι
1686 2472 1976 2549 παραδους

369 2589 417 2617 τ·
421 2561 473 2633 ,hs
501 2559 693 2638 οἷρχήν.

285 2653 301 2705 1
321 2649 349 2705 ¹¹3
361 2649 393 2693 ι’*
449 2646 581 2704 Ἐπὶ
597 2650 797 2707 τοῦτον
817 2646 885 2723 δή
904 2646 1005 2708 τόν
1023 2647 1257 2725 Ψάμμιν
1274 2646 1662 2723 βασιλεύοντα
1681 2646 1976 2730 Αἰγύπτου

373 2733 635 2792 ἀπίκοντο
667 2733 908 2793 Ἠλείων
938 2733 1132 2812 ἄνδρες
1162 2734 1414 2818 ἄγγελοι,
1441 2735 1736 2815 αὐχέοντες
1765 2736 1975 2798 δικαιό-

373 2849 421 2877 τ·
425 2845 509 2877 ιτα
546 2821 637 2879 καὶ
673 2819 959 2880 κάλλιστα
992 2823 1207 2882 τιθέναι
1239 2823 1339 2884 τόν
1375 2829 1433 2884 εν
1465 2822 1755 2933 Ὀλυμπίῃ
1784 2824 1977 2906 οἷγῶνα

373 2937 413 2965 τ.-
421 2909 591 2968 άντων
632 2908 949 2985 ανθρώπων,
993 2909 1085 2968 καὶ
1127 2910 1407 2975 δοκέοντες
1444 2911 1600 2990 παρὰ
1637 2916 1816 2973 ταῦτα
1856 2913 1975 2974 οὐδ’

373 2989 405 3041 f?
397 3017 437 3045 ι
485 3014 614 3051 τους
661 2987 1025 3064 σοφωτάτους
1075 2990 1380 3068 ἀνθρώπων
1424 2994 1761 3072 Αἰγυπτίους
1815 2993 1977 3056 οὐδὲν

373 3081 437 3129 i:-
421 3077 694 3149 .εξευρεῖν·
775 3100 846 3138 ως
886 3074 946 3134 δὲ
986 3075 1314 3153 ἀπικόμενοι
1354 3083 1409 3141 ἐς
1446 3079 1551 3154 τὴν
1589 3080 1881 3161 Αἵγιηττον
1920 3084 1979 3143 οἶ

369 3157 409 3213 ’ἱ
425 3163 588 3218 [λεῖοι
614 3161 808 3240 ἔλεγον
831 3166 943 3221 τῶν
963 3163 1146 3222 εἵνεκα
1169 3162 1453 3235 ἀπίκοντο,
1475 3166 1772 3227 ἐνθαῦτα“
1739 3194 1771 3227 ο
1797 3169 1978 3245 βασι·

373 3245 501 3305 ᾖειῖε
533 3269 693 3309 ουτος
727 3248 1102 3329 συγκαλέεται
1127 3250 1444 3330 Αἰγυπτίων
1476 3276 1607 3317 τους
1630 3254 1981 3337 λεγομένους

287 335 301 370 ἱ
