2184 3517
232 99 449 166 εει-..44]
932 99 1159 150 xmo.
1775 101 1836 150 19

221 176 625 258 Ἀδρηστον,’
587 179 902 259 απικομένῳ
936 178 1000 239 δέ
1024 182 1078 239 οἱ
1112 179 1271 261 λέγει
1298 178 1450 240 τάδε·
1490 176 1835 257 “”Αδρηστε,

231 267 341 348 ἐγώ
380 292 452 328 σε
493 269 766 346 συμφορῇ
803 256 1201 347 πεπληγμένον
1238 265 1425 346 άχάρι,
1463 264 1569 343 τήν
1604 290 1697 326 τοι
1735 265 1836 325 οὐκ

230 353 491 426 ὀνειδίζω,
545 353 788 433 ἐκάθῃρα
838 354 932 413 καὶ
976 354 1207 414 οἰκίοισι
1248 352 1657 431 υποδεξάμενος
1710 353 1836 433 ἔχω,

227 442 489 522 παρέχων
514 445 708 501 πᾶσαν
732 440 1000 517 δαπάνην·
1036 444 1137 501 νῦν
1162 440 1236 502 ὧν
1260 440 1533 522 (ὄφειλεις
1557 442 1685 523 γάρ,
1709 446 1841 517 ἐμεῦ

227 528 682 607 προποιήσαντος
716 528 941 608 χρηστοὶ
966 533 1022 593 ἐς
1050 530 1140 598 σὲ,
1166 529 1477 608 χρηστοῖσί
1505 554 1580 606 με
1609 527 1840 606 ἀμείβε-

228 618 392 699 σθαι)
413 616 645 695 φύλακα
667 615 866 679 παιδός
889 641 960 676 σε
982 619 1084 677 τοῦ
1111 619 1247 693 ἐμοῦ
1267 616 1477 695 χρηίζω
1497 617 1764 698 γενέσθαι
1784 620 1840 680 ἐς

227 705 411 787 ἄγρην
447 704 808 784 ὄρμεομένου·
850 703 934 782 μή
971 730 1117 768 τινες
1156 702 1273 763 κατ’
1314 703 1445 765 ὁδόν
1485 708 1702 768 κλῶπες
1742 729 1837 764 κα·
1906 728 1920 745 ·

230 798 461 876 κοῦργοι
496 794 588 854 ἐπὶ
622 791 863 869 δηλήσει
895 792 1149 868 φανέωσι
1180 790 1332 869 ὑμῖν·
1370 789 1514 870 πρός
1548 791 1579 851 δ
1640 791 1834 872 τούτῳ,

228 882 325 943 καὶ
349 884 426 943 σέ
440 907 529 942 τοι
550 880 731 962 χρεών
752 885 874 941 ἐστι
893 881 1030 941 ἰέναι
1050 880 1183 941 ἔνθα
1197 878 1658 958 ἅπολαμπρῦνεαι
1680 884 1837 941 τοῖσι
1868 895 1882 931 ’κ

229 972 467 1052 ἔργοισι·
507 967 787 1046 πατρώϊόν
807 993 871 1028 τε
899 966 1009 1075 γάρ
1033 992 1124 1028 τοι
1149 969 1274 1028 ἐστὶ
1299 968 1391 1028 καὶ
1414 969 1652 1045 προσέτι
1675 968 1835 1045 ῥώμη

225 1056 519 1138 ὑπάρχει.ὐ
595 1056 924 1134 Ἀμείβεται
966 1055 1000 1116 ὅ
1040 1054 1377 1134 Ἄδρηστος·
1434 1055 1522 1115 “ὦ
1563 1057 1833 1132 βασιλεῦ,
1851 1057 1928 1114 42
2013 1106 2022 1114 .

225 1145 419 1210 ἄλλως
440 1148 548 1224 μὲν
571 1145 747 1227 εγωγε
776 1169 845 1204 αν
871 1142 971 1204 οὐκ
994 1141 1092 1220 ἤῖα
1122 1148 1179 1207 ἐς
1208 1142 1414 1204 ἄεθλον
1435 1142 1668 1204 τοιόνδε·
1709 1142 1837 1203 οὔτε

225 1234 340 1316 γὰρ
363 1237 639 1312 συμφορῇ
668 1232 857 1312 τοιῇδε
892 1232 1231 1312 κεχρημένον
1262 1230 1411 1295 οἰκός
1444 1235 1570 1291 ἐστι
1604 1237 1660 1295 ἐς
1693 1230 1834 1309 ομή-

223 1327 393 1386 λικας
415 1321 477 1382 εὖ
500 1320 866 1399 πρήσσοντας
893 1321 1046 1390 ἰέναι,
1073 1318 1202 1379 οὔτε
1224 1317 1293 1379 τό
1316 1316 1638 1396 βούλεσθαι
1659 1318 1833 1398 πάρα·

223 1414 502 1491 πολλαχῆ
524 1435 589 1470 τε
618 1406 688 1469 αν
712 1408 882 1488 ἴσχον
913 1407 1205 1485 ἐμεωυτόν.
1282 1410 1381 1468 νῦν
1411 1406 1543 1478 δὲ’
1515 1409 1640 1468 επεί
1666 1433 1729 1469 τε
1755 1434 1833 1469 συ

222 1498 489 1561 σπεύδεις
532 1497 625 1556 καὶ
669 1497 756 1556 δεῖ
796 1521 887 1556 τοι
931 1495 1279 1575 χαρίζεσθαι,
1323 1493 1561 1607 (ὄφειλω
1604 1496 1717 1579 γάρ
1763 1522 1837 1557 σε

223 1585 573 1663 α’μείβεσθαι
611 1584 958 1665 χρηστοῖσι,)
984 1584 1193 1645 ποιέειν
1233 1583 1345 1659 εἰμὶ
1382 1586 1603 1662 ἑτοῖμος
1638 1589 1833 1646 ταῦτα·

222 1673 404 1733 παῖδά
440 1699 505 1734 τε
544 1671 652 1733 σόν
689 1697 789 1733 τον
821 1669 1163 1733 διακελεύεαι
1202 1669 1542 1748 φυλάσσειν,
1574 1671 1837 1750 ἀπήμονα

221 1766 326 1822 τοῦ
332 1760 739 1837 φυλάσσοντος
754 1758 1256 1836 εἵνεκενπροσδόκα
1268 1784 1358 1819 τοι
1372 1758 1835 1836 άπονοστήσειν.“

375 1873 648 1909 οιουτοισι
667 1852 785 1909 ἐπεί
807 1870 871 1908 τε
891 1844 1051 1911 οὗτος
1076 1845 1355 1925 ἀμείψατο
1375 1850 1645 1925 Κροῖσον,
1663 1846 1836 1924 ἤϊσαν
1852 1848 1929 1907 43

220 1937 374 2016 μετιὶ
390 1941 569 1998 ταῦτα
596 1935 950 2013 ἐξηρτυμένοι
973 1934 1190 2015 λογάσι
1212 1960 1276 1995 τε
1294 1936 1541 2015 νεηνίῃσι
1565 1937 1658 1994 καὶ
1684 1936 1834 1996 κυσί.

223 2025 561 2103 ἀπικόμενοι
595 2025 658 2085 δὲ
693 2029 748 2088 ἐς
779 2023 882 2084 vav
913 2021 1227 2100 Οὔλυμπον
1253 2021 1321 2083 τό
1352 2022 1483 2100 ὅρος
1516 2022 1739 2099 ἐζήτεον
1764 2022 1834 2084 τδ

224 2114 444 2192 θηρίον,
498 2111 748 2191 εὑρόντες
798 2111 860 2172 δὲ
910 2111 1004 2171 καὶ
1053 2109 1416 2188 περιστάντες
1464 2109 1601 2172 ‹nh-<3
1653 2112 1837 2192 κύκλῳ

225 2201 611 2279 ἐσηκόντιζον·
653 2200 785 2275 ἔνθα
815 2198 885 2276 δή
914 2198 946 2259 ὅ
974 2198 1168 2269 ξεῖνος,
1196 2197 1358 2262 οὗτος
1387 2197 1456 2274 δή
1483 2198 1517 2259 ὁ
1544 2200 1838 2277 καθαρθεὶς

225 2289 337 2350 τᾶν
376 2288 557 2367 φόνον
592 2286 933 2366 καλεόμενος
966 2286 1028 2345 δὲ
1052 2286 1388 2364 ”Αδρηστος,
1416 2285 1710 2357 ἀκοντίζων
1736 2286 1841 2347 τᾶν

229 2381 362 2447 σῦν,
403 2380 508 2438 τοῦ
548 2378 653 2454 μὲν
695 2373 1001 2453 ἁμαρτάνει
1038 2373 1306 2456 τυγχάνει
1345 2374 1406 2434 δὲ
1442 2377 1543 2433 τοῦ
1586 2374 1841 2451 Κροίσου

228 2463 454 2529 παιδός.
535 2462 570 2524 ὅ
603 2465 709 2540 μὲν
739 2462 808 2539 δὴ
845 2463 1085 2541 βληθεὶς
1113 2466 1187 2541 τῇ
1220 2464 1396 2541 αἰχμῇ
1430 2459 1707 2537 ἐξέπλησε
1741 2465 1843 2522 τοῦ

231 2552 455 2630 ὀνείρου
479 2550 586 2629 τήν
611 2549 828 2628 φήμην·
861 2551 980 2611 ἔθεε
1006 2550 1070 2610 δέ
1090 2575 1178 2614 τις
1203 2548 1486 2631 ἀγγελέων
1508 2551 1588 2628 τῷ
1612 2550 1845 2630 Κροίσῳ

229 2640 304 2702 τό
330 2638 584 2722 γεγονός·
625 2636 961 2716 ἀπικόμενος
984 2638 1046 2697 δὲ
1072 2642 1129 2701 ἐς
1152 2636 1254 2702 τὰς
1285 2635 1501 2715 Σάρδις,
1526 2636 1631 2715 τήν
1654 2663 1717 2698 τε
1741 2638 1847 2716 μά-

231 2753 352 2808 χην
386 2728 481 2787 καὶ
515 2725 616 2787 τὸν
649 2730 750 2786 τοῦ
785 2725 985 2789 παιδὸς
1020 2724 1201 2803 μόρον
1240 2724 1490 2805 ἐσήμῃνέ
1523 2729 1598 2787 οἱ.
1677 2726 1747 2786 ‘O
1789 2727 1850 2786 δὲ
1865 2727 1941 2784 44

234 2819 499 2894 Κροῖσος
540 2819 620 2894 τῷ
665 2811 885 2892 θανάτῳ
933 2817 1036 2874 τοῦ
1080 2813 1280 2878 παιδός
1322 2814 1848 2896 συντεταραγμένος,

233 2903 474 2982 μᾶλλόν
494 2929 553 2964 τι
584 2901 990 2983 ἐδεινολογέετο
1015 2900 1105 2961 ὅτι
1133 2926 1233 2978 μιν
1256 2899 1543 2962 ἀπέκτεινε
1564 2900 1666 2962 τόν
1689 2899 1855 2964 αὐτᾶς

237 2990 427 3070 φόνου
455 2989 710 3069 ἐκάθηρε·
742 2990 1151 3067 περιημεκτέων
1175 2988 1236 3048 δὲ
1260 2991 1334 3068 τῇ
1354 2992 1625 3068 συμφορῇ
1651 2987 1853 3058 δεινῶς,

238 3079 444 3140 ἐκάλεε
486 3081 592 3156 μὲν
636 3078 751 3138 Δία
791 3075 1143 3153 Καθάρσιον,
1182 3074 1597 3152 μαρτυρόμενος
1631 3073 1706 3134 τά
1743 3074 1853 3135 fir&

237 3170 350 3228 τοῦ
373 3167 557 3238 ξείνου
586 3163 876 3228 πεπονθώς
905 3164 1008 3238 εἴη·
1051 3161 1246 3222 ἐκάλεε
1277 3161 1338 3220 δὲ
1361 3159 1654 3221 Ἐπίστιόν
1676 3183 1739 3219 τε
1764 3160 1857 3217 καὶ

239 3254 584 3331 Ἑταιρήῖον,
623 3252 726 3314 τόν
763 3250 935 3312 αὖτόν
969 3252 1173 3310 τοῦτον
1217 3245 1499 3324 ὀνομάζων
1541 3244 1686 3308 θεόν·
1732 3243 1858 3321 (τᾶν
