2184 3517
356 110 450 157 128
950 110 1317 161 ‘HPvotm‘r
1852 111 1963 179 [11.

362 186 512 250 ἄλλο
542 194 709 268 σῶμα
739 195 841 252 τοῦ
871 191 1015 269 βοός
1048 196 1341 268 πιμπλᾶσι
1371 192 1551 270 ἄρτων
1577 195 1833 272 καθαρῶν
1866 197 1968 255 καὶ

361 277 588 353 μέλιτος
616 279 707 365 καὶ
734 279 1047 356 ἀσταφίδος
1074 281 1166 339 καὶ
1192 280 1376 340 σύκων
1403 282 1495 340 καὶ
1522 284 1841 358 λιβανωτοῦ
1867 285 1967 343 καὶ

362 366 612 444 σμύρνης
651 369 742 427 καὶ
779 372 890 429 τῶν
930 367 1122 428 ἄλλων
1167 368 1484 445 θυωμάτων·
1537 370 1859 446 πλήσαντες
1901 372 1966 431 δὲ

360 453 584 526 τούτων,
632 458 994 538 καταγίζουσι
1041 457 1230 517 ἔλαιον
1276 454 1525 532 ἄφθονον
1576 458 1963 537 καταχέοντες.

361 543 877 620 προνηστεύσαντες
903 544 962 603 δὲ
989 544 1206 606 θύουσι.
1277 545 1580 621 καιομένων
1604 545 1665 604 δὲ
1689 549 1801 606 τῶν
1829 549 1965 624 ἶρῶν

359 630 658 691 τύπτονται
713 631 932 696 πάντες·
1001 632 1169 692 ε’πεοὶν
1220 631 1281 692 δὲ
1332 630 1742 712 ἀποτύψωνται,
1797 634 1964 694 δαῖτα

361 720 714 794 προτίθενται
737 721 809 781 τοὶ
835 721 1096 780 ἐλίποντο
1121 725 1233 780 τῶν
1260 723 1408 796 ἶρῶν.

266 807 339 864 41
440 806 714 884 Τοῦς·με’ν
727 835 824 869 νυν
843 808 1118 885 καθαροὺς
1141 809 1286 884 βοῦς
1309 808 1439 872 τοῦς
1459 810 1686 887 ἔρσενας
1713 810 1806 870 καὶ
1830 811 1963 876 τοῦς

359 893 614 974 μόσχους
640 899 693 955 οἱ
717 895 919 960 πάντες
944 895 1243 976 Αἰγύπτιοι
1275 895 1492 957 θύουσι·
1533 897 1634 960 τοῖς
1665 898 1725 957 δὲ
1752 899 1963 975 θηλέας

362 981 427 1042 οὔ
458 990 570 1060 σφι
606 985 789 1054 ἔξεστι
821 984 986 1054 θύειν,
1014 984 1169 1043 ἀλλὰ
1207 984 1324 1061 ἱραί
1354 988 1465 1044 εἰσι
1492 989 1595 1061 τῆς
1623 984 1823 1051 Ἴσιος.
1888 987 1960 1048 vd

358 1071 469 1151 γὰρ
509 1076 612 1148 τῆς
652 1072 834 1136 Ἴσιος
885 1071 1120 1154 ἄγαλμα
1167 1071 1259 1131 ε’ὃν
1302 1072 1624 1154 γυναικήῖον
1670 1074 1962 1152 βούκερῶν

364 1163 503 1230 ε’στι,
533 1159 779 1238 κατάπερ
794 1159 1072 1236 Ἕλληνες
1098 1160 1201 1235 τὴν
1223 1159 1373 1220 Ἰοῦν
1395 1160 1705 1242 γράφουσι·
1738 1164 1831 1222 καὶ
1854 1163 1959 1228 τοὶς

358 1248 505 1323 βοῦς
534 1249 635 1312 τοὶς
661 1249 866 1325 θηλέας
891 1247 1188 1328 Αἰγύπτιοι
1217 1247 1419 1312 πάντες
1446 1247 1648 1325 ὁμοίως
1683 1251 1961 1327 σέβονται

359 1336 663 1412 προβάτων
687 1336 908 1396 πάντων
932 1334 1187 1413 μάλιστα
1211 1338 1423 1415 μακρῷ.
1489 1339 1600 1397 τῶν
1627 1337 1806 1397 εἵνεκα
1842 1337 1960 1399 οὔτ’

360 1423 500 1500 α’νῆρ
529 1424 831 1506 Αἰγύπτιος
867 1423 992 1484 οὔτε
1026 1423 1168 1505 γυνῆ
1197 1423 1369 1502 ἄνδρα
1392 1423 1655 1500 Ἕλληνα
1687 1425 1960 1502 φιλήσειε

362 1508 431 1586 ἂν
458 1516 535 1591 τῷ
561 1513 816 1589 στόματι,
845 1510 974 1571 οὐδὲ
1004 1513 1253 1592 μαχαίρῃ
1280 1511 1479 1589 ἅνδρός
1503 1512 1789 1589 Ἕλληνος
1818 1515 1959 1593 χρή-

361 1625 538 1670 σεται,
558 1600 669 1659 οὐδ’
686 1601 965 1676 ὀβελοῖσι,
990 1599 1117 1659 οὐδὲ
1136 1601 1358 1677 λέβητι,
1377 1599 1502 1659 οὐδὲ
1523 1601 1688 1677 κρέως
1710 1602 1959 1679 καθαροῦ

358 1687 503 1764 βοὸς
548 1689 979 1766 διατετμημένου
1018 1687 1328 1768 Ἑλληνικῇ
1373 1690 1624 1768 μαχαίρῃ
1671 1689 1958 1771 γεύσεται.

358 1775 639 1838 θάπτουσι
666 1777 725 1836 δὲ
750 1776 878 1840 τοῦς
898 1775 1357 1852 ἀποθνήσκοντας
1380 1778 1526 1853 βοῦς
1545 1776 1757 1855 τρόπον
1775 1777 1956 1838 τόνδε·

354 1864 455 1928 τοὶς
481 1867 584 1941 μὲν
610 1865 816 1941 θηλέας
842 1869 897 1928 ε’ς
919 1864 1019 1925 τόν
1044 1863 1300 1941 ποταμόν
1319 1863 1538 1935 ἅπιᾶσι,
1557 1864 1686 1930 τοῦς
1713 1865 1773 1925 δὲ
1800 1867 1959 1944 ἔρσε-

358 1959 456 2016 νας
484 1952 902 2031 κατορύσσουσι
930 1954 1158 2013 ἕκαστοι
1184 1957 1243 2013 ἐν
1267 1955 1423 2013 τοῖσι
1447 1953 1855 2030 προαστείοισι,
1883 1954 1955 2016 τὸ

359 2041 518 2118 κέρας
542 2040 608 2103 τό
631 2040 871 2119 ἕτερονῆ
893 2041 984 2100 καὶ
1008 2039 1304 2117 ἀμφότερα
1325 2040 1686 2123 ῦπερέχοντα,
1708 2043 1957 2119 σημηΐου

358 2129 577 2190 εἵνεκεν.
646 2130 812 2190 ε’πεοίν
852 2130 913 2189 δὲ
952 2132 1129 2207 σαπῇ,
1169 2130 1262 2187 καὶ
1300 2130 1513 2209 προσίῃ
1551 2157 1583 2190 ο
1619 2131 1956 2209 τεταγμένος
1979 2166 1991 2175 ·

354 2216 571 2296 χρόνος,
609 2217 923 2278 ἀπικνέεται
963 2222 1017 2281 ἐς
1058 2215 1301 2294 ἑκάστην
1335 2217 1507 2278 πόλιν
1541 2218 1711 2296 βάρις
1752 2223 1814 2277 ἐκ
1852 2223 1958 2295 τῆς

357 2306 783 2383 Προσωπίτιδος
824 2305 1161 2386 καλευμένης
1199 2305 1396 2381 νήσου·
1437 2305 1476 2381 ἦ
1515 2305 1560 2366 δ’
1595 2308 1717 2366 ἔστι
1754 2308 1858 2385 μὲν
1897 2312 1957 2368 ἐν

354 2398 431 2474 τῷ
464 2396 669 2465 Δέλτα,
696 2397 1025 2472 περίμετρον
1060 2393 1121 2452 δὲ
1161 2392 1330 2469 αὐτῆς
1367 2394 1479 2454 εἰσὶ
1515 2398 1739 2473 σχοῖνοι
1776 2396 1954 2455 ε’ννέα·

356 2488 414 2544 ἐν
451 2484 623 2563 ταύτῃ
665 2483 739 2543 ὦν
775 2482 847 2560 τῇ
887 2481 1274 2560 Προσωπίτιδι
1314 2481 1469 2561 νήσῳ
1506 2483 1678 2542 ἔνεισι
1714 2485 1820 2560 μὲν
1858 2485 1957 2544 καὶ

353 2570 528 2631 ἄλλαι
546 2571 741 2634 πόλιες
762 2571 981 2649 συχναὶ,
1001 2576 1060 2629 ἐκ
1079 2574 1180 2646 τῆς
1201 2570 1260 2628 δὲ
1280 2573 1339 2629 αἱ
1363 2570 1532 2648 βάρις
1551 2571 1957 2652 παραγίνονται

353 2658 788 2736 ἀναιρησόμεναι
818 2659 890 2718 vot
928 2658 1103 2719 ὀστέα
1132 2662 1242 2737 τςῦν
1275 2660 1433 2734 βοῷν
1469 2657 1680 2737 οὔνομα
1713 2663 1786 2738 τῇ
1812 2659 1956 2720 πόλι

349 2745 714 2825 Ἀτάρβηχις·
744 2750 802 2806 ἐν
822 2746 868 2805 δ’
885 2745 1024 2825 αὐτῇ
1039 2746 1378 2823 Ἀφροδίτης
1400 2745 1520 2824 ἶρόν
1540 2746 1701 2828 ἅγιον
1718 2746 1949 2823 ἵδρυται.

353 2838 415 2894 ἐκ
447 2833 650 2910 ταύτης
677 2837 779 2910 τῆς
818 2833 1018 2898 πόλιος
1052 2834 1390 2894 πλανέονται
1419 2835 1648 2904 πολλοὶ,
1682 2833 1856 2894 ἄλλοι
1898 2840 1957 2898 ἐς

352 2922 533 2986 ἄλλας
558 2921 739 2992 πόλις,
769 2921 1130 3000 ἀνορύξαντες
1157 2922 1216 2982 δὲ
1245 2921 1315 2982 τσῖ
1344 2920 1518 2982 ὀστέα
1543 2916 1831 3003 ἀπάγουσι
1857 2923 1956 2983 καὶ

353 3009 630 3070 θάπτουσι
652 3015 705 3073 ἐς
733 3010 829 3068 ἕνα
854 3013 1037 3089 χῶρον
1063 3009 1285 3073 πάντες.
1349 3009 1490 3070 κατοὶ
1513 3009 1691 3070 ταύτὰ
1710 3010 1771 3069 δὲ
1795 3014 1955 3071 τοῖσι

351 3098 528 3173 βουσὶ
569 3098 661 3156 καὶ
698 3095 888 3157 τᾶλλα
933 3097 1134 3174 κτήνεα
1171 3096 1453 3158 θάπτουσι
1493 3096 1953 3174 ἀποθνήσκοντα·

354 3185 446 3243 καὶ
482 3184 594 3265 γὰρ
626 3186 753 3263 περὶ
782 3190 960 3246 ταῦτα
991 3185 1133 3245 οὕτω
1173 3190 1286 3260 σφι
1319 3185 1766 3262 νενομοθέτηται·
1811 3187 1955 3246 κτεί-

353 3297 515 3332 νουσι
539 3272 649 3349 γοὶρ
676 3272 744 3348 δὴ
773 3271 899 3331 οὐδὲ
922 3276 1118 3332 ταῦτα.
