2184 3517
223 95 516 160 173-175]
864 98 1184 147 ΕΤΤΕΡΠΗ.
1729 99 1821 148 195

229 178 512 253 ἐπιτήδεα,
552 177 863 238 κλέπτεσκε
899 175 969 238 ἂν
1005 177 1245 255 περιϊών·
1293 180 1348 239 οἶ
1387 175 1434 237 δ’
1473 176 1543 239 ἅν
1580 203 1677 255 μιν
1716 177 1825 255 φά-

232 290 392 325 αενοι
417 266 561 344 ἔχειν
584 264 657 324 τὰ
683 266 935 343 σφέτερα
951 265 1216 345 χρήματα
1235 264 1563 343 ἀρνεύμενον
1582 264 1826 347 ἄγεσκον

232 353 329 413 ἐπὶ
369 352 658 430 μαντήϊον,
701 353 834 413 ὅκου
882 354 1148 414 ἑκάστοτε
1196 353 1298 429 εἴη.
1378 352 1573 413 πολλὰ
1611 356 1714 430 μὲν
1758 353 1826 431 δὴ
1882 401 1887 406 -

233 442 329 501 καὶ
351 441 622 501 άλίσκετο
646 440 754 501 find
786 446 896 502 τῶν
927 442 1219 519 μαντηίων,
1244 441 1440 501 πολλαῖ
1476 442 1537 500 δὲ
1572 441 1666 501 καὶ
1691 441 1824 502 ἀπο-

235 529 534 612 φεύγεσκε·
577 531 700 589 ἐπεί
719 555 782 589 τε
811 530 872 589 δὲ
903 531 995 589 καὶ
1029 530 1391 607 ἐβασίλευσε,
1420 533 1598 590 ἐποίεε
1621 530 1823 590 τοιάδε·

235 616 364 677 ὅσοι
402 619 508 693 μὲν
539 616 707 678 αὐτὸν
741 620 852 677 τῶν
887 618 1026 678 θεῶν
1051 616 1344 677 ἀπέλυσαν
1372 618 1453 693 μή
1481 621 1646 695 φῶρα
1672 617 1825 689 εἶναι,

235 704 446 765 τούτων
483 707 588 783 μὲν
624 709 734 766 τῶν
773 708 903 783 ἱρῶν
942 702 1070 765 οὔτε
1113 705 1411 782 ἐπεμέλετο
1453 704 1579 766 οὔτε
1618 711 1673 770 ἐς
1711 710 1826 767 ἐπι-

237 793 445 869 σκευήν
482 793 661 852 ἐδίδου
696 792 872 853 οὐδέν·
915 792 1041 853 οὐδὲ
1072 793 1308 869 φοιτέων
1345 794 1483 864 ἔθυε,
1512 792 1583 857 ῶς
1609 792 1827 858 οὐδενός

239 885 395 941 ἐοῦσι
421 881 631 951 ἀξίοισι
656 879 860 959 ψεύδεά
886 906 950 942 τε
981 879 1225 959 μανι-η’ἳα
1258 882 1658 958 κεκτημένοισι·
1698 881 1828 943 ὅσοι

198 969 203 972 ’
239 969 299 1028 δέ
317 995 420 1047 μιν
445 969 756 1045 κατέδησαν
787 972 951 1046 φῶρα
981 968 1136 1040 εἶναι,
1161 968 1369 1028 τούτων
1399 969 1460 1028 δὲ
1486 967 1558 1032 ὥς
1580 968 1827 1045 ἀληθέως

240 1058 375 1117 θεῶν
418 1056 617 1117 ἐόντων
657 1056 749 1116 καὶ
786 1055 1027 1136 ἀψευδέα
1063 1054 1306 1134 μαντήϊα
1341 1057 1731 1136 παρεχομένων
1754 1058 1828 1116 τᾱ.

235 1144 494 1222 μάλιστα
520 1144 840 1223 ἐπεμέλετο.

317 1234 438 1292 Καὶ
474 1236 643 1293 τοῦτο
681 1233 800 1309 μὲν,
828 1236 887 1292 ἐν
925 1230 1034 1297 Σάῖ
1069 1233 1144 1310 τῇ
1165 1230 1434 1313 Ἀθηναίῃ
1463 1202 1787 1310 προπύλαια
1805 1232 1918 1295 175

238 1320 537 1398 θωυμάσιά
561 1324 616 1380 οἱ
643 1320 951 1396 ἐξεποιησε,
977 1319 1201 1381 πολλον
1232 1319 1445 1384 πάντας
1468 1319 1825 1398 ὑπερβαλλό-

237 1402 511 1486 μενοςτῷ
542 1434 605 1468 τε
633 1406 773 1486 ὕψεῖ
793 1408 887 1467 καὶ
924 1410 1002 1486 τῷ
1045 1407 1293 1489 μεγάθεϊ,
1331 1407 1481 1469 ὅσων
1516 1434 1580 1468 τε
1618 1406 1685 1468 τὸ
1731 1408 1825 1485 μέ·

235 1497 412 1577 γαθος
436 1496 612 1556 λίθων
636 1495 760 1554 ἐστὶ
785 1495 877 1554 καὶ
907 1495 1102 1555 ὁκοίων
1134 1496 1287 1556 τέων·
1327 1500 1493 1556 τοῦτο
1520 1496 1595 1566 δὲ,
1624 1500 1827 1556 κολοσ-

238 1583 377 1648 σούς
387 1583 670 1665 μεγάλους
685 1583 776 1643 καὶ
792 1581 1213 1665 ἀνδρόσφιγγας
1231 1584 1566 1662 περιμήκεας
1582 1584 1826 1660 ἀνέθηκε,

236 1673 432 1735 λίθους
450 1697 516 1731 τε
541 1670 750 1735 ἄλλους
770 1676 825 1735 ἐς
851 1671 1147 1747 ἐπισκευὴν
1164 1671 1479 1749 ὖπερφυέας
1495 1671 1562 1734 τὰ
1587 1673 1829 1753 μέγαθος

238 1759 493 1836 ἐκόμισε.
571 1757 816 1841 ἠγάγετο
848 1759 909 1820 δὲ
938 1759 1146 1821 τούτων
1167 1759 1298 1823 τοῦς
1324 1761 1429 1838 μὲν
1459 1765 1520 1820 ἐκ
1553 1764 1664 1820 τῶν
1689 1759 1829 1819 κατὰ

238 1849 483 1925 Μέμφιν
508 1847 745 1907 ἐουσέων
766 1848 1148 1923 λιθοτομιέων,
1172 1846 1303 1912 τοῦς
1333 1847 1393 1907 δὲ
1420 1847 1832 1930 ὖπερμεγάθεας

239 1936 302 2005 ἐξ
322 1935 729 2011 Ἐλεφαντίνης
756 1934 971 2007 πόλιος,
1003 1935 1186 1996 πλόον
1211 1935 1304 1996 καὶ
1342 1936 1550 1996 ἐείκοσι
1582 1935 1829 2014 ἡμερέων

238 2023 568 2103 ἀπεχούσης
605 2021 717 2083 οἷπὸ
770 2022 955 2087 Σάῖος.
1034 2022 1103 2083 τὰ
1156 2023 1216 2084 δὲ
1269 2022 1369 2084 οὐκ
1406 2023 1613 2100 ἥκιστα
1650 2023 1832 2084 αὐτῶν

238 2110 401 2171 ἀλλὰ
436 2110 694 2187 μάλιστα
733 2111 1012 2187 θωυμάζω,
1055 2111 1179 2171 ἔστι
1215 2110 1361 2171 τόδε·
1402 2112 1606 2188 οἴκημα
1638 2110 1834 2188 μουνό-

237 2200 407 2260 λιθον
448 2197 677 2276 ἐκόμισε
709 2197 772 2267 ἐξ
811 2197 1215 2276 Ἐλεφαντίνης
1258 2198 1477 2262 πόλιος·
1538 2198 1630 2257 καὶ
1668 2204 1834 2259 τοῦτο

243 2286 499 2364 ἐκόμιζον
523 2287 627 2363 μὲν
656 2285 740 2345 ἐπ’
767 2285 891 2346 ἔτεα
922 2288 1066 2365 τρία,
1105 2286 1379 2367 δισχίλιοι
1402 2285 1466 2345 δέ
1490 2311 1544 2344 οι
1567 2311 1833 2362 προσετε-

240 2374 459 2454 τάχατο
511 2373 701 2452 ἄνδρες
749 2372 1001 2456 ἀγωγέες,
1048 2376 1142 2434 καὶ
1193 2373 1349 2435 οὗτοι
1400 2371 1637 2437 ἅπαντες
1686 2372 1836 2449 ἦσαν

245 2465 602 2540 κυβερνῆται·
665 2465 768 2538 τῆς
805 2462 867 2521 δὲ
905 2463 1112 2544 στέγης
1147 2461 1352 2539 ταύτης
1398 2487 1466 2522 το
1517 2463 1622 2539 μὲν
1658 2465 1837 2538 μῆκος

244 2550 498 2620 ἔξωθεν*
469 2574 603 2611 εστι-
618 2548 695 2613 εἶς
717 2574 780 2610 τε
806 2550 899 2609 καὶ
926 2550 1105 2610 εἴκοσι
1129 2549 1349 2629 πήχεες,
1378 2548 1533 2627 εὖρος
1555 2549 1616 2609 δὲ
1637 2574 1836 2609 τεσσε-

244 2637 591 2714 ρεσκαίδεκα,
644 2635 785 2717 ὕψος
837 2637 898 2697 δὲ
946 2636 1113 2699 ὄκτω.
1191 2642 1369 2699 ταῦτα
1410 2640 1520 2716 μὲν
1551 2663 1625 2698 τα
1661 2637 1840 2717 μέτρα

248 2725 447 2795 ἔξωθεν
495 2729 600 2800 τῆς
650 2726 857 2807 στέγης
915 2729 1018 2801 τῆς
1080 2727 1420 2804 μουνολίθου
1473 2727 1616 2786 ἐστί·
1696 2724 1839 2805 οἷτοῖρ

249 2812 457 2875 ἔσωθεν
480 2812 548 2874 τὰ
585 2816 766 2890 μῆκος
802 2813 1173 2874 ὀκτωκαίδεκα
1206 2814 1429 2893 πηχέων
1467 2816 1562 2875 καὶ
1584 2814 1837 2897 πυγόνος,

248 2899 312 2962 τὸ
331 2900 392 2960 δὲ
412 2899 569 2977 εὖρος
594 2899 834 2965 δυώδεκα
857 2901 1097 2980 πηχέων,
1112 2901 1178 2961 τὰ
1204 2902 1264 2961 δὲ
1281 2901 1423 2978 ὕψος
1438 2903 1603 2962 πέντε
1619 2903 1842 2981 πηχέων

252 2988 392 3048 ἐστί.
447 2987 586 3064 αὕτη
623 2992 723 3048 τοῦ
764 2992 884 3066 ἶροῦ
924 2989 1106 3048 κέεται
1142 2988 1297 3065 παρὰ
1331 2989 1437 3064 τήν
1475 2988 1690 3049 ἔσοδον·
1733 2990 1843 3049 ἔσω

249 3074 358 3155 γάρ
382 3100 482 3153 μιν
507 3080 563 3139 ἐς
585 3073 652 3136 vd
680 3075 797 3153 ἱρόν
825 3081 973 3152 φασι
994 3075 1153 3135 τῶνδ’
1180 3076 1358 3134 εἵνεκα
1383 3074 1484 3135 οὐκ
1520 3074 1842 3135 ἐσελκύσαι·

251 3162 348 3222 τᾶν
414 3162 776 3240 αρχιτέκτονα
838 3162 1023 3237 αὐτῆς,
1089 3162 1391 3237 ἑλκομένης
1419 3200 1423 3203 <
1454 3165 1556 3237 τῆς
1620 3163 1844 3244 στέγης,

252 3247 624 3317 ἀναστενάξαι
683 3247 774 3307 οἷά
829 3273 893 3306 τε
950 3246 1157 3326 χρόνου
1215 3247 1568 3329 ἐκγεγονότος
1622 3251 1845 3308 πολλοῦ
