2184 3517
366 95 462 143 114
953 84 1348 142 ’ἪΡοΔοΤοτ
1400 62 1411 83 “
1865 90 1974 157 [11.

358 171 606 252 γυπτίων
632 173 686 231 οῖ
712 171 896 248 ἔνερθε
919 173 1021 247 τῆς
1053 171 1257 246 λίμνης
1286 173 1389 246 τῆς
1422 169 1663 246 Μοίριος
1696 169 1977 235 οἰκέοντες

360 257 434 317 τά
456 284 520 318 τε
538 258 693 318 ἅλλα
718 259 896 337 χωρία
917 258 1009 317 καὶ
1032 257 1098 317 τό
1128 256 1465 332 καλεόμενον
1492 256 1701 327 Δέλτα,
1727 254 1799 333 ἢν
1825 256 1975 319 οὕτω

359 345 400 421 ἡ
418 344 573 425 χώρη
592 344 732 421 αὕτη
752 345 892 405 κατοὶ
909 344 1086 426 λόγον
1103 344 1322 423 ἐπιδιδῷ
1340 349 1394 407 ἐς
1412 343 1554 423 ὕψος
1573 343 1666 403 καὶ
1684 344 1750 405 τὸ
1771 343 1976 421 ὁμοῖον

363 432 605 512 ἀποδιδῷ
647 438 702 496 ἐς
747 431 1001 508 αὔξησιν,
1041 431 1147 509 μὴ,
1162 430 1603 503 κατακλύζοντος
1642 430 1818 508 αὐτὴν
1864 438 1973 494 τοῦ

361 522 592 591 Νείλου,
618 520 920 581 πείσεσθαι
954 520 1054 581 τόν
1078 518 1265 580 πάντα
1303 517 1508 598 χρόνον
1530 517 1631 579 τὸν
1671 521 1976 582 ἐπίλοιπον

335 635 340 641 ’
363 608 660 689 Αἰγύπτιοι
676 607 744 668 τό
772 633 898 668 κοτε
918 606 1075 668 αὐτοὶ
1091 606 1380 683 Ἕλληνας
1401 606 1624 683 ἔφασαν
1642 607 1970 668 πείσεσθαι·

362 695 666 773 πυθόμενοι
687 695 798 776 γὰρ
826 694 897 759 ὥς
919 694 1074 755 ὕεται
1100 698 1264 755 πᾶσα
1287 693 1326 770 ἦ
1344 693 1499 773 χώρη
1524 698 1635 755 τῶν
1656 692 1970 771 Ἑλλήνων,

362 783 495 844 ἀλλ’
523 783 588 843 οὖ
613 786 922 864 ποταμοῖσι
946 782 1171 859 ἄρδεται
1197 781 1443 864 κατάπερ
1469 781 1507 857 ἦ
1535 782 1803 859 σφετέρη,
1834 784 1969 859 ἔφα-

406 897 475 933 αν
515 882 550 908 “
565 870 854 947 Ἕλληνας
888 871 1234 949 ψευσθέντας
1274 871 1402 931 κοτὲ
1444 870 1671 934 ἐλπίδος
1713 870 1972 951 μεγάλης

363 963 540 1023 κακῶς
579 957 915 1035 πεινήσειν.”
970 957 1037 1019 ra
1080 957 1141 1017 δὲ
1186 958 1316 1021 ἔπος
1340 961 1508 1018 τοῦτο
1541 958 1723 1037 ἐθέλεοι
1761 958 1968 1040 λέγειν,

282 1066 290 1097 ³
363 1046 436 1111 ὦς
474 1057 511 1084 “
528 1051 577 1108 εἰ
618 1046 699 1125 μή
737 1045 998 1122 ἐθελήσει
1049 1053 1164 1123 σφι
1207 1044 1321 1106 ὕειν
1361 1044 1395 1106 ὅ
1433 1044 1557 1109 θεὸς
1596 1042 1729 1104 ἀλλ’
1772 1044 1971 1127 αὐχμῷ

364 1135 721 1215 διαχρᾶσθαι,
747 1138 894 1212 λιμῷ
921 1137 975 1194 οἱ
994 1132 1276 1210 Ἕλληνες
1309 1131 1721 1210 αἱρεθήσονται·
1765 1133 1829 1193 οὗ
1854 1134 1968 1216 γὰρ

364 1223 434 1300 δή
475 1236 588 1300 σφι
631 1229 754 1283 ἐστι
794 1222 992 1286 ὕδατος
1034 1221 1264 1300 οὐδεμία
1297 1219 1452 1298 ἄλλη
1493 1219 1853 1299 ἀποστροφὴ,
1879 1221 1970 1284 ὅτι

362 1310 443 1389 μὴ
472 1317 531 1371 ἐκ
555 1301 660 1372 *roff
684 1311 821 1375 Διὸς
838 1308 1095 1387 μοῦνον.”

271 1402 347 1460 14
446 1400 562 1458 Καὶ
596 1402 772 1459 ταῦτα
811 1401 915 1475 μὲν
958 1403 1015 1463 ἐς
1052 1396 1343 1475 Ἕλληνας
1387 1399 1748 1479 Αἰγυπτίοισι
1786 1397 1970 1477 ὀρθῶς

362 1487 563 1566 ἔχοντα
592 1488 819 1564 εἴρηται·
862 1486 1001 1563 φέρε
1028 1485 1088 1545 δὲ
1114 1489 1213 1546 νῦν
1239 1486 1331 1545 καὶ
1357 1484 1582 1546 αὖτοῖσι
1608 1488 1971 1568 Αἰγυπτίοισι

363 1574 435 1638 ὥς
462 1575 575 1653 ἔχει
600 1574 824 1652 φράσω.
868 1574 919 1632 εἴ
935 1579 1048 1650 σφι
1075 1574 1251 1645 θέλοι,
1280 1573 1353 1638 ὥς
1373 1575 1466 1633 καὶ
1491 1574 1765 1652 πρότερον
1791 1574 1968 1648 εἶπον,

363 1661 404 1738 ἦ
427 1662 586 1744 χώρη
611 1660 649 1738 ἦ
677 1661 859 1739 ἔνερθε
885 1662 1154 1740 Μέμφιος
1179 1660 1343 1741 (αὕτη
1366 1660 1479 1743 γάρ
1506 1666 1629 1722 ἐστι
1662 1661 1701 1738 ἦ
1737 1661 1970 1732 αὐξανο-

361 1751 524 1830 μένη)
554 1749 696 1810 κατὰ
735 1748 910 1831 λόγον
935 1754 1036 1810 τοῦ
1061 1752 1475 1828 παροιχομένου
1514 1749 1720 1829 χρόνου
1747 1755 1802 1814 ἐς
1825 1751 1970 1829 ὕψος

362 1838 717 1909 αυξανεσθαι,
745 1837 894 1896 ἄλλο
919 1862 976 1897 τι
999 1835 1037 1913 ἢ
1066 1840 1121 1896 οἶ
1107 1837 1318 1947 ταύτῃ
1357 1838 1628 1903 οἰκέοντες
1653 1840 1971 1919 Αἰγυπτίων

362 1926 724 2003 πεινήσουσι;
767 1951 816 1984 ει
838 1923 982 2001 μήτε
1003 1951 1073 2006 γε
1099 1923 1301 1985 ὕσεταί
1338 1932 1452 2003 σφι
1477 1951 1515 2002 η
1551 1951 1726 2005 χωρη,
1762 1925 1906 2003 μήτε
1933 1927 1967 1988 ὅ

366 2014 621 2093 ποταμός
646 2013 764 2078 οἶός
797 2012 845 2074 τ’
889 2014 1049 2073 ἔσται
1087 2017 1142 2077 ἐς
1177 2012 1279 2076 τοῖς
1320 2012 1559 2091 ἀρούρας
1590 2014 1967 2125 υπερβαίνειν.

360 2102 400 2180 ἦ
440 2130 552 2185 γαρ
594 2102 663 2180 δη
696 2107 793 2163 νῦν
833 2127 902 2183 γε
943 2125 1098 2161 ουτοι
1139 2099 1527 2177 α’πονητότατα
1563 2127 1778 2179 καρπον
1811 2104 1969 2180 κομί-

363 2193 604 2264 ζονται’
578 2218 639 2252 εκ
662 2195 784 2273 γῆς,
811 2194 922 2251 τῶν
945 2214 1008 2250 τε
1034 2187 1226 2251 ἄλλων
1252 2187 1613 2266 ἀνθρώπων“
1576 2188 1835 2250 απάντων
1873 2191 1968 2250 καὶ

360 2285 472 2341 τῶν
497 2284 711 2341 λοιπῶν
735 2277 1068 2359 Αἰγυπτίων·
1111 2302 1166 2335 οι
1195 2301 1321 2337 ουτε
1347 2275 1566 2356 α’ρότρῳ
1598 2276 1967 2359 αἷναρρηγνύν·

360 2394 454 2432 τες
494 2368 740 2431 αὔλακας
770 2368 967 2447 ἔχουσι
1006 2363 1227 2435 πόνους,
1262 2389 1390 2425 ουτε
1432 2365 1795 2437 σκάλλοντες,
1839 2365 1969 2427 οὕτε

363 2455 516 2516 ἄλλο
559 2454 915 2536 ἐργαζόμενοι
956 2451 1114 2512 ουδὲν
1153 2455 1264 2513 τῶν
1305 2450 1485 2512 ὧλλοι
1517 2450 1800 2531 ἅνθρωποι
1838 2455 1969 2532 περὶ

361 2542 529 2618 λήϊον
552 2543 835 2602 πονέουσι·
894 2538 1025 2600 ἀλλ’
1054 2538 1221 2599 ἐπεάν
1247 2546 1361 2616 σφι
1387 2539 1421 2600 ὅ
1447 2541 1700 2618 ποταμός
1725 2540 1966 2618 αὖτόμα-
2002 2585 2017 2595 -

360 2656 459 2694 τος
499 2628 747 2689 ἐπελθών
786 2627 940 2706 ἄρσῃ
967 2627 1068 2691 τοὶς
1108 2626 1364 2706 ἀρούρας,
1392 2626 1572 2706 ἄρσας
1597 2629 1655 2688 δὲ
1681 2626 1968 2709 ἀπολείπῃ

365 2717 566 2788 ὀπίσω,
609 2714 738 2777 τότε
778 2716 1013 2792 σπείρας
1054 2716 1292 2779 ἕκαστος
1331 2714 1436 2792 τήν
1476 2719 1677 2777 ἑωυτοῦ
1724 2715 1970 2795 ἄρουραν

365 2804 647 2884 ἐσβάλλει
688 2807 744 2868 ἐς
789 2802 963 2879 αὐτὴν
987 2800 1069 2867 ὗς·
1115 2803 1283 2865 ἐπεὰν
1324 2804 1385 2864 δέ
1417 2804 1789 2884 καταπατήσῃ
1828 2810 1971 2884 τῇσι

363 2893 464 2954 ὑσὶ
500 2893 568 2953 τὰ
608 2892 855 2970 σπέρμα,
884 2889 1099 2968 ἄμητον
1138 2890 1207 2951 τὰ
1239 2889 1353 2953 α’πὸ
1388 2891 1588 2952 τούτου
1611 2893 1785 2970 μένει·
1828 2892 1969 2954 (ἰπο-

365 2979 598 3057 δινήσας
626 2980 686 3040 δὲ
708 2984 847 3059 τῇσι
870 2978 970 3038 ὑσὶ
995 2978 1096 3040 τὸν
1122 2980 1299 3050 σῖτον,
1329 2979 1471 3040 οὕτω
1498 2982 1802 3057 κομίζεται.

271 3070 347 3127 15
427 3072 502 3128 Εἰ
543 3066 618 3128 ὦν
654 3065 988 3147 βουλόμεθα
1026 3066 1288 3148 γνώμῃσι
1317 3070 1455 3146 τῇσι
1484 3066 1680 3128 Ἰώνων
1717 3069 1975 3147 χρᾶσθαι

363 3154 437 3215 τοὶ
473 3155 602 3232 περὶ
642 3156 945 3237 Αἴγυπτον,
973 3154 1034 3213 οἵ
1068 3160 1220 3230 φασι
1257 3153 1324 3214 τὰ
1352 3155 1545 3214 Δέλτα
1582 3158 1791 3232 μοῦνον
1832 3156 1977 3218 εἶναι

363 3241 665 3322 Αἴγυπτον,
679 3240 794 3302 α’πό
814 3241 1072 3319 Περσέος
1090 3240 1430 3318 καλεομένης
1450 3246 1691 3318 σκοπιῆς
1709 3243 1978 3324 λέγοντες
