2184 3517
291 127 353 173 68
905 123 1270 174 ‘HPvozro'r
1817 117 1890 184 [1.

287 205 358 282 δή
391 210 469 285 τῷ
504 205 692 267 θύοντι
733 206 843 284 ἰδίῃ
882 204 1068 283 μούνῳ
1116 203 1181 265 οὔ
1224 206 1279 263 οἳ
1320 202 1597 283 ἐγγίνεται
1643 199 1894 278 οἷρᾶσθαι

289 292 494 375 οἷγαθά·
536 293 568 354 ὅ
596 294 654 354 δὲ
679 298 827 354 πᾶσι
852 297 1004 353 τοῖσι
1024 292 1292 371 Πέρσῃσι
1311 288 1640 367 κατεύχεται
1666 287 1725 347 εὖ
1749 288 1894 368 γίνε-

290 383 443 451 σθαι,
488 383 581 441 καὶ
619 386 696 459 τῷ
728 384 984 457 βασιλεῖ·
1028 385 1087 439 ἐν
1117 379 1228 461 γὰρ
1263 378 1330 454 δὴ
1358 380 1512 437 τοῖσι
1537 375 1721 435 ἅπασι
1745 377 1896 453 Πέρ·

290 495 434 549 σῃσι
467 471 557 529 καὶ
596 469 761 532 αύτός
786 470 1015 549 γίνεται·
1058 467 1226 526 ε’πεοὶν
1252 466 1311 525 δὲ
1348 463 1717 541 διαμιστύλας
1752 464 1897 524 κατὰ

288 558 463 635 μέρεα
499 558 565 617 τό
601 556 778 634 ἱρήῖον
806 551 993 635 ἑψήσῃ
1018 554 1091 615 τοὶ
1119 553 1269 632 κρέα,
1296 551 1597 614 ὑποπάσας
1630 552 1797 626 ποίην
1821 551 1897 616 ὥς

293 643 666 721 ἁπαλωτάτην
700 643 957 721 μάλιστα
992 643 1052 702 δὲ
1084 641 1153 703 τὰ
1191 642 1524 719 τρίφυλλον,
1562 639 1654 698 ε’πὶ
1689 638 1897 716 ταύτης

293 733 454 808 ἔθηκε
488 731 560 791 ὧν
590 730 775 792 πάντα
805 730 878 790 τοὶ
910 731 1062 809 κρέα·
1107 729 1388 791 διαθέντος
1414 727 1475 786 δὲ
1498 725 1685 798 αὐτοῦ,
1711 725 1897 807 μάγος

292 817 432 896 α’νῆρ
471 819 793 897 παρεστεῶς
832 819 1072 878 ἐπαείδει
1112 816 1402 897 θεογονίην
1432 814 1556 889 οἴην
1587 813 1657 892 δή
1697 818 1897 876 ἐκεῖνοι

290 907 706 988 λέγουσι-εἷναι
739 906 844 983 τὴν
876 904 1158 981 ἐπαοιδήν·
1200 903 1329 964 ἄνευ
1360 901 1473 985 γοῖρ
1508 902 1576 978 δή
1601 901 1789 983 μάγου
1826 902 1896 963 οὔ

293 1001 407 1071 σφι
445 994 615 1072 νόμος
651 995 774 1054 ἐστὶ
807 995 1006 1058 θυσίας
1043 992 1356 1053 ποιέεσθαι·
1413 990 1662 1068 ε’πισχῶν
1688 989 1748 1049 δὲ
1774 989 1895 1051 ὀλί-

292 1107 397 1162 γον
430 1080 651 1161 χρόνον,
680 1081 1026 1159 ἀποφέρεται
1050 1080 1083 1141 ὁ
1112 1079 1289 1143 θύσας
1313 1078 1386 1140 τοὶ
1412 1078 1546 1156 κρέα
1571 1078 1662 1137 καὶ
1687 1081 1896 1157 χρᾶται

295 1168 331 1229 ὅ
353 1195 410 1230 τι
432 1195 530 1247 μιν
556 1169 729 1251 λόγος
756 1170 943 1246 αἱρέει.

201 1258 315 1317 133
396 1257 648 1335 Ἡμέρην
673 1258 732 1317 δὲ
758 1257 1020 1317 ἁπασέων
1042 1256 1301 1334 μάλιστα
1325 1255 1535 1330 ε’κείνην
1552 1257 1721 1331 τιμᾶν
1740 1256 1894 1331 νομί-

297 1347 457 1417 ζουσι
490 1350 564 1424 τῇ
603 1346 836 1408 ἕκαστος
868 1346 1105 1425 ἐγένετο.
1174 1350 1232 1404 ἐν
1253 1343 1430 1423 ταύτῃ
1456 1343 1516 1402 δὲ
1539 1343 1695 1402 πλέω
1732 1342 1898 1403 δαῖτα

292 1437 404 1493 τῶν
445 1432 638 1492 ἄλλων
678 1433 952 1503 δικαιεῦσι
991 1433 1380 1508 προτίθεσθαι·
1422 1436 1481 1491 ἔν
1513 1434 1586 1509 τῇ
1624 1433 1679 1489 οἱ
1721 1429 1897 1490 εὐδαί-

293 1545 460 1597 μονες
498 1519 678 1580 αὐτῶν
711 1522 857 1596 βοῦν
897 1521 990 1579 καὶ
1027 1520 1201 1580 ἵππον
1232 1520 1324 1579 καὶ
1357 1517 1610 1596 κάμηλον
1641 1517 1734 1577 καὶ
1767 1515 1899 1580 ὄνον

294 1599 673 1685 προτιθέαται,
700 1607 868 1669 ὅλους
900 1606 1105 1671 ὄπτοῦς
1138 1612 1196 1668 ἐν
1223 1608 1526 1684 καμίνοισι·
1568 1608 1623 1665 οἱ
1646 1604 1707 1665 δὲ
1730 1605 1896 1682 πένη-

291 1720 383 1759 τες
425 1694 604 1755 αὐτῶν
642 1694 716 1755 τοὶ
766 1695 949 1754 λεπτοὶ
999 1698 1113 1756 τῶν
1157 1693 1462 1772 προβάτων
1515 1694 1897 1771 προτιθέαται.

293 1784 509 1843 σίτοισι
544 1783 604 1843 δὲ
643 1782 894 1864 ὀλίγοισι
932 1785 1219 1862 χρέωνται,
1257 1780 1647 1862 ἐπιφορήμασι
1672 1781 1732 1840 δὲ
1754 1785 1900 1841 πολ-

289 1874 450 1930 λοῖσι
495 1871 587 1929 καὶ
633 1869 732 1930 οὐκ
773 1870 962 1930 ἁλέσι·
1018 1872 1112 1930 καὶ
1151 1869 1244 1931 διὰ
1281 1875 1449 1930 τοῦτο
1490 1869 1640 1945 φασὶ
1670 1870 1899 1947 Πέρσαι

293 1968 331 1994 “
345 1958 476 2021 τούς
510 1958 801 2034 Ἕλληνας
846 1959 1202 2035 σιτεομένους
1250 1961 1549 2019 πεινῶντας
1597 1955 1895 2029 παύεσθαι,

293 2046 380 2106 ὄτι
432 2052 545 2123 σφι
595 2045 707 2106 «ind
762 2046 986 2107 δείπνου
1038 2046 1458 2124 παραφορέεται
1509 2043 1667 2105 οὐδὲν
1717 2044 1899 2126 λόγου

290 2132 466 2203 ἄξιον·
522 2137 569 2192 εἰ
600 2134 663 2193 δέ
695 2159 752 2195 τι
790 2134 1197 2212 παραφέροιτο,
1225 2134 1517 2196 ἐσθίοντας
1552 2132 1620 2194 ἂν
1659 2132 1725 2193 οὗ
1755 2133 1898 2193 παύ-

289 2221 507 2282 εσθαι.”
571 2222 699 2301 οἴνῳ
743 2222 802 2281 δὲ
846 2221 1021 2301 κάρτα
1060 2222 1430 2301 προσκέαται·
1494 2222 1591 2281 καί
1638 2227 1751 2297 σφι
1794 2221 1898 2281 οῦκ

296 2310 497 2387 ἐμέσαι
525 2309 723 2381 ἔξεστι,
753 2309 875 2371 οὗκὶ
901 2309 1143 2388 οὗρῆσαι
1168 2309 1356 2370 ἀντίον
1383 2308 1587 2369 ἄλλου.

377 2402 579 2458 Ταῦτα.
604 2398 709 2475 μέν
735 2423 832 2458 νυν
859 2398 999 2459 οὕτω
1033 2396 1419 2474 φυλάσσεται.
1485 2394 1897 2474 μεθυσκόμενοι

292 2485 352 2545 δὲ
380 2486 586 2546 ἐώθασι
609 2484 991 2560 βουλεύεσθαι
1014 2485 1087 2545 τὰ
1114 2484 1570 2546 σπουδαιέστατα
1593 2487 1704 2543 τῶν
1720 2508 1895 2564 πρηγ-

288 2571 498 2651 μάτων·
537 2572 603 2633 τό
639 2572 684 2631 δ’
711 2572 780 2632 ἂν
815 2572 922 2652 ἅδῃ
962 2579 1075 2649 σφι
1110 2573 1598 2650 βουλευομένοισι,
1622 2575 1789 2631 τοῦτο
1820 2574 1896 2650 τῇ

290 2661 556 2739 ὑστεραίῃ
596 2659 845 2736 νήφουσι
883 2661 1142 2738 προτιθεῖ
1178 2661 1211 2721 o‘
1250 2662 1567 2742 στέγαρχος
1607 2664 1665 2720 ἐν
1693 2662 1793 2719 τοῦ
1826 2656 1898 2719 ἂν

295 2747 475 2811 ε’όντες
513 2747 916 2824 βουλεύωνται·
972 2750 1065 2808 καὶ
1103 2747 1174 2825 ἢν
1211 2751 1317 2826 μὲν
1357 2748 1465 2826 ἅδῃ
1499 2749 1592 2807 καὶ
1630 2747 1895 2823 νήφουσι,

293 2836 563 2914 χρέωνται
603 2833 797 2913 αὗτέῳ·
844 2834 914 2911 ἢν
946 2836 1005 2896 δὲ
1042 2836 1125 2913 μὴ
1168 2836 1291 2914 ἅδῃ,
1332 2839 1594 2912 μετιεῖσι·
1639 2834 1711 2894 τοὶ
1746 2833 1792 2893 δ’
1826 2832 1900 2893 ἂν

293 2923 565 2999 νήφοντες
603 2923 1157 3000 προβουλεύσωνται,
1182 2922 1597 3000 μεθυσκόμενοι
1636 2921 1899 3002 ἐπιδιαγι-

203 3012 315 3070 134
337 3009 635 3070 νῶσκουσι.
708 3009 1172 3092 Ἐντυγχάνοντες
1217 3009 1265 3069 δ’
1305 3009 1622 3086 ἀλλήλοισι
1667 3014 1726 3068 ἐν
1761 3012 1899 3086 τῇσι

293 3096 493 3168 ὁδοῖσι,
521 3098 661 3177 τῷδε
687 3096 757 3157 ἅν
780 3123 864 3161 τις
889 3098 1141 3180 διαγνοίη
1168 3102 1215 3157 εἰ
1240 3096 1427 3174 ὁμοῖοι
1452 3096 1567 3155 εἰσὶ
1586 3099 1640 3155 οἶ
1665 3120 1899 3175 συνευγ-

294 3183 577 3260 χάνοντες·
631 3184 759 3245 οἷντὶ
797 3184 910 3266 γοὶρ
955 3190 1058 3245 τοῦ
1103 3183 1546 3265 προσαγορεύειν
1590 3182 1897 3258 ἀλλήλους,

297 3271 565 3347 φιλέουσι
590 3276 744 3331 τοῖσι
767 3271 1039 3349 στόμασι·
1080 3269 1152 3347 ἣν
1177 3272 1238 3331 δὲ
1261 3270 1302 3348 ᾖ
1327 3269 1551 3347 οὕτερος
1572 3269 1898 3329 ὕποδεέστε-
