2184 3517
187 1471 198 1496 {

282 114 380 163 154
890 113 1259 166 ἨΡΟΔΟΤΟΤ
1773 111 1879 175 [Π.

279 191 472 254 ἄλλων
495 193 788 271 βασιλέων
812 194 1146 271 τριηκοσίων
1178 218 1242 253 τε
1279 193 1373 253 καὶ
1404 191 1704 270 τριήκοντα
1728 191 1889 253 οὖνό-

281 307 451 359 ματα.
508 286 566 341 ἐν
590 306 906 360 τοσαυτῃσι
930 284 1160 362 γενεῇσι
1185 278 1489 358 ἀνθρώπων
1517 279 1892 340 ὀκτωκαίδεκα.

283 372 387 446 μὲν
426 369 692 431 Αἰθίοπες
733 367 898 445 ἦσαν,
940 369 1044 444 μία
1089 369 1151 428 δὲ
1189 368 1332 449 γυνὴ
1376 369 1664 446 ἐπιχωρίη·
1730 371 1784 428 οἱ
1822 367 1894 427 δὲ

284 456 472 528 ἄλλοι,
514 455 706 534 ἄνδρες
736 455 1051 537 Αἰγύπτιοι·
1092 459 1166 535 τῇ
1208 456 1268 515 δὲ
1307 456 1528 537 γυναικὶ
1568 453 1780 532 οὕνομα
1812 454 1895 533 ἦν

283 544 406 620 ἥτις
458 546 804 621 ἐβασίλευσε
854 544 1027 621 τόπερ
1066 548 1141 623 τῇ
1194 544 1550 622 Βαβυλωνίῃ,
1592 544 1893 621 Νίτωκρις·
1950 569 1953 572 ’

286 632 391 707 τὴν
431 634 624 713 ἔλεγον
661 632 1046 709 τιμωρέουσαν
1085 630 1545 711 ἅδελφεῷ,-τον
1589 629 1898 712 Αἰγύπτιοι

287 719 673 797 βασιλεύοντα
718 719 913 796 σφέων
966 718 1310 790 ἀπέκτειναν,
1355 718 1775 783 αποκτείναντες
1827 719 1900 780 δὲ

289 834 431 868 ουτω
458 808 634 887 ἐκείνῃ
661 806 947 869 οἷπέδοσαν
970 808 1075 884 τὴν
1103 806 1696 888 βασιληιην,-τούτω
1719 832 1899 885 τιμω·

287 898 530 974 ρέουσαν
554 895 807 962 πολλους
832 897 1150 977 Αἰγυπτίων
1175 896 1497 973 διαφθεῖραι
1523 895 1689 976 δόλω·
1728 920 1898 973 ποιη-

291 985 542 1063 σαμένην
559 983 671 1067 γάρ
696 1011 795 1063 μιν
822 985 1027 1062 οἴκημα
1052 986 1352 1063 περίμηκες
1375 982 1649 1065 ὑπόγαιον
1670 988 1900 1045 καινοῦν

290 1078 369 1154 τῶ
401 1074 571 1156 λόγω,
599 1073 709 1155 νόω
744 1073 804 1134 δὲ
838 1072 994 1133 ἅλλα
1031 1073 1418 1153 μηχανᾶσθαι·
1461 1071 1790 1132 καλέσασαν
1829 1073 1904 1133 δέ

292 1188 390 1239 μιν
415 1164 734 1246 Αἰγυπτίων
762 1162 893 1226 τοῦς
925 1160 1183 1239 μάλιστα
1221 1160 1535 1239 μεταιτίους
1571 1164 1671 1221 τοῦ
1711 1159 1901 1237 φόνου

291 1249 436 1330 ᾔδεε,
475 1250 727 1315 πολλοὺς
767 1253 979 1310 ἑστιᾶν·
1027 1249 1403 1328 δαινυμένοισι
1443 1249 1505 1309 δὲ
1544 1251 1752 1309 ἐπεῖναι
1787 1247 1902 1309 τᾶν

293 1338 550 1417 ποταμόν
576 1338 644 1398 δι’
676 1337 922 1402 αὐλῶνος
957 1340 1203 1416 κρυπτοῦ
1241 1336 1514 1418 μεγάλου·
1553 1335 1754 1413 ταύτης
1788 1339 1903 1413 μὲν

294 1429 423 1504 πέρι
447 1429 699 1488 τοσαῦτα
725 1427 938 1507 ἔλεγον·
979 1425 1136 1503 πλὴν
1161 1424 1248 1486 ὅτι
1278 1423 1452 1501 αὐτ-ἤν
1482 1450 1597 1503 μιν,
1625 1423 1696 1488 ὥς
1725 1429 1903 1486 τοῦτο

296 1514 617 1594 ἐξέργαστο,
644 1515 806 1592 ῥίψαι
832 1518 889 1579 ἐς
928 1513 1134 1590 οἴκημα
1168 1513 1386 1573 σποδοῦ
1412 1513 1590 1592 πλέον
1616 1511 1755 1577 ὅκως
1778 1511 1901 1574 ἅτι-

206 1604 315 1664 101
337 1602 588 1680 μῶρητος
610 1602 858 1683 γένηται.
924 1606 1051 1663 Τῶν
1075 1602 1137 1662 δὲ
1163 1600 1354 1663 ἄλλων
1378 1601 1668 1678 βασιλέων
1694 1600 1760 1662 οὗ
1783 1601 1905 1682 γοῖρ

301 1692 495 1773 ἔλεγον
549 1690 810 1769 οὐδεμίαν
862 1691 1035 1771 ἔργων
1075 1688 1352 1761 ἀπόδεξιν,
1397 1689 1514 1751 κατ’
1557 1688 1713 1751 οὐδὲν
1758 1690 1908 1751 εἶναι

300 1779 711 1858 λαμπρότητος,
730 1778 886 1855 πλὴν
906 1778 1024 1843 ἑνὸς
1042 1782 1146 1840 τοῦ
1172 1777 1418 1858 ἐσχάτου
1443 1776 1621 1838 αὐτῶν
1642 1778 1905 1855 Μοίριος·

297 1873 496 1930 τοῦτον
535 1867 596 1927 δὲ
633 1866 1017 1937 ἀποδέξασθαι
1052 1865 1392 1944 μνημόσυνα
1427 1870 1530 1926 τοῦ
1573 1866 1911 1942 Ἡφαίστου

300 1955 375 2017 ταῖ
399 1954 541 2034 πρός
565 1956 751 2033 βορῆν
776 1954 982 2033 ἄνεμον
1004 1955 1358 2032 τετραμμένα
1386 1953 1729 2033 προπύλαια·
1769 1955 1910 2032 λίμ-

300 2069 401 2121 νην
439 2069 502 2104 τε
543 2041 734 2121 ὀρύξαι
772 2047 875 2120 τῆς
915 2042 954 2121 ἤ
998 2043 1256 2120 περίοδος
1296 2043 1447 2104 ὅσων
1493 2043 1618 2103 ἐστὶ
1659 2042 1910 2124 σταδίων

298 2131 536 2210 ὕστερον
560 2131 818 2210 δηλώσω·
858 2131 1170 2211 πυραμίδας
1194 2156 1257 2192 τε
1283 2135 1341 2191 ἐν
1367 2129 1508 2210 αὐτῇ
1534 2129 1911 2207 οἰκοδομῆσαι

301 2224 412 2281 τῶν
434 2224 536 2282 τοῦ
559 2220 833 2303 μεγάθεος
865 2222 997 2299 πέρι
1022 2218 1167 2298 ὁμοῦ
1194 2218 1336 2298 αὐτῇ
1360 2222 1434 2297 τῇ
1469 2219 1696 2298 λίμνῃ’
1670 2218 1908 2296 επιμνῆ-

303 2335 500 2393 σομαι.
577 2314 775 2371 τοῦτον
812 2311 917 2387 μὲν
955 2311 1209 2370 τοσαῦτα
1247 2305 1647 2379 ἀποδέξασθαι,
1688 2332 1800 2368 των
1841 2307 1913 2368 δὲ

302 2395 494 2459 ἄλλων
519 2396 716 2460 ουδένα
742 2396 918 2458 οὐδέν.

213 2487 327 2546 102
386 2483 896 2565 Παραμειψάμενος
941 2482 1017 2546 ὦν
1066 2482 1312 2555 τούτους,
1357 2486 1459 2545 τοῦ
1513 2483 1605 2545 ἐπὶ
1648 2480 1914 2544 τὀυτοισι

302 2575 602 2654 γενομένου
632 2574 927 2649 βασιλέος,
953 2575 1030 2652 τῷ
1062 2570 1272 2650 οὔνομα
1305 2570 1377 2648 ἦν
1409 2572 1746 2649 Σέσωστρις,
1776 2570 1914 2632 τοῦ-

302 2685 405 2720 του
427 2659 653 2736 μνήμην
676 2658 1008 2737 ποιήσομαι.
1085 2660 1189 2721 τὸν
1214 2661 1412 2742 ἔλεγον
1438 2664 1493 2721 οἶ
1520 2660 1660 2738 ἱρέες
1683 2661 1918 2736 πρῶτον

302 2750 408 2825 μὲν
445 2747 702 2808 πλοίοισι
740 2750 1009 2825 μακροῖσι
1039 2747 1357 2825 ὁρμηθέντα
1392 2753 1454 2808 ἔκ
1488 2751 1590 2808 τοῦ
1623 2746 1915 2824 Ἀραβίου

307 2834 540 2906 κόλπου,
565 2834 697 2898 τοῦς
718 2833 873 2913 παρὰ
895 2834 1000 2910 τὴν
1016 2834 1293 2913 Ἐρυθρὴν
1319 2834 1627 2897 θάλασσαν
1653 2859 1918 2913 κατοικη-

304 2923 504 2999 μένους
543 2923 1055 3001 καταστρέφεσθαι·
1118 2927 1173 2987 ἐς
1211 2922 1246 2983 ὃ
1284 2923 1533 2984 πλέοντά
1569 2948 1669 3001 μιν
1705 2921 1919 3000 πρόσω

303 3008 607 3071 ἀπικέσθαι
633 3014 690 3074 ἐς
715 3010 1019 3071 θάλασσαν
1038 3009 1224 3072 οὗκέτι
1248 3011 1479 3087 πλωτήν
1495 3010 1606 3072 §ard
1624 3010 1920 3090 βραχέων·

308 3097 556 3156 ἐνθεῦτεν
581 3096 642 3156 δὲ
667 3097 740 3162 ὥς
763 3096 947 3158 ὀπίσω
972 3095 1202 3158 α’,πίκετο
1230 3102 1286 3161 ἐς
1305 3099 1609 3179 Αἴγυπτον,
1632 3098 1773 3158 κατὰ
1796 3102 1923 3161 τῶν

309 3181 466 3252 ἱρέων
503 3181 607 3257 τήν
646 3183 834 3259 φάτιν,
875 3184 1149 3262 στρατιὴν
1192 3184 1423 3260 πολλὴν
1459 3184 1663 3262 λαβών
1699 3183 1925 3261 ἤλαυνε

311 3262 407 3323 διὰ
432 3268 534 3339 τῆς
572 3266 821 3345 ἠπείρου,
853 3273 969 3331 πᾶν
1008 3272 1165 3335 ἔθνος
1202 3271 1271 3332 τό
1310 3270 1567 3346 ε’μποδῶν
1606 3296 1926 3351 καταστρε-
