2184 3517
352 138 450 183 166
968 138 1333 189 ἯΡοΔοΤοΤ
1386 121 1393 125 ’
1844 139 1946 204 [ΙΙ.

350 214 551 276 ἔσοδον
580 216 710 277 οὔτε
744 216 966 279 ἔκδυσιν
1000 216 1261 295 οὐδεμίαν
1293 217 1443 297 ἔχον·
1481 210 1861 295 ἀπορεύμενον
1888 218 1950 279 δέ

347 325 446 377 μιν
483 301 617 363 τάδε
653 309 911 380 ποιῆσαι·
956 309 1058 364 τοῦ
1100 302 1288 381 φωρος
1324 304 1427 364 τὸν
1465 303 1627 364 νέκυν
1667 305 1811 366 κατὰ
1846 312 1950 367 τοῦ

348 388 561 467 τείχεος
587 391 1025 469 κατακρεμάσαι·
1068 390 1359 467 φυλάκους
1384 391 1446 451 δὲ
1470 390 1642 451 αὐτοῦ
1669 394 1950 469 καταστή-

349 500 545 548 σαντα,
564 479 925 540 ἐντείλασθαί
937 485 1049 555 σφι
1066 478 1167 539 τόν
1184 476 1252 538 ἂν
1268 478 1488 538 ἴδωνται
1504 478 1949 541 ἀποκλαύσαντα

347 560 386 637 ἢ
417 566 908 643 κατοικτισάμενον
933 564 1338 642 συλλαβόντας
1369 565 1527 646 ἄγειν
1551 566 1695 643 πρός
1725 567 1947 627 ἑωυτόν·

352 648 804 730 α’νακρεμαμένου
851 654 911 713 δὲ
954 658 1058 714 τοῦ
1103 651 1309 723 νέκυος,
1349 652 1455 728 τὴν
1498 652 1717 730 μητέρα
1761 654 1949 719 δεινῶς

347 737 554 814 φέρειν,
586 737 792 820 λόγους
827 740 887 800 δὲ
925 740 1066 818 πρός
1097 739 1198 801 τᾶν
1227 739 1518 817 περιεόντα
1550 741 1726 799 παῖδα
1759 765 1946 801 ποιευ-

345 824 535 901 μένην,
555 827 946 903 προστάσσειν
970 826 1118 908 αὐτῷ
1141 826 1277 908 ὅτεῳ
1294 826 1483 906 τρόπῳ
1509 826 1735 888 δύναται
1760 854 1943 908 μηχα-

347 914 552 974 νᾶσθαι
603 913 740 979 ὅκως
789 916 857 976 τὰ
909 920 1076 994 σῶμα
1129 919 1231 975 τοῦ
1283 913 1565 990 ἀδελφεοῦ
1617 916 1945 981 καταλύσας

346 1006 545 1077 κομιεῖ·
600 1007 648 1063 εἷ
686 1004 747 1063 δὲ
784 1002 991 1063 τούτων
1030 1001 1325 1080 ἀμελήσει,
1368 1001 1703 1063 διαπειλέειν
1749 1002 1941 1080 αὐτὴν,

347 1085 419 1151 ὦς
446 1091 694 1151 ἐλθοῦσα
718 1091 861 1170 πρὸς
883 1090 984 1151 τᾶν
1001 1088 1261 1167 βασιλέα
1286 1089 1524 1166 μηνύσει
1550 1087 1720 1149 αὖτὸν
1739 1093 1944 1169 ἔχοντα

346 1174 419 1235 τοὶ
453 1178 735 1256 χρήματα·
778 1204 849 1243 ως
888 1178 948 1237 δὲ
981 1181 1244 1257 χαλεπῶς
1278 1176 1633 1253 ἐλαμβάνετο
1673 1176 1711 1252 ἦ
1751 1177 1942 1256 μήτ-ηρ

345 1269 449 1323 τοῦ
472 1267 786 1343 περιεόντος
809 1265 1023 1336 παιδός,
1052 1265 1146 1325 καὶ
1170 1263 1366 1324 πολλοὶ
1388 1290 1531 1341 προς
1563 1262 1734 1340 αυτὴν
1756 1265 1944 1346 λέγων

347 1376 446 1410 ουκ
476 1353 673 1424 ἔπειθε,
702 1341 1182 1464 ἐπιτεχνήσασθαι
1209 1351 1399 1412 τοιάδε
1427 1377 1544 1429 μιν·
1583 1349 1744 1415 ὅνους
1773 1378 1940 1414 κατα-

346 1439 766 1517 σκευασάμενον
792 1443 883 1499 καὶ
908 1440 1119 1505 οἷσκους
1143 1439 1446 1516 πλήσαντα
1471 1441 1638 1510 οἴνου,
1666 1441 1940 1501 ἐπιθεῖναι

347 1525 437 1585 ἐπὶ
460 1531 570 1588 τῶν
593 1528 731 1589 ὄνων
757 1530 850 1588 καὶ
875 1529 1065 1589 ἔπειτα
1090 1527 1339 1588 ἐλαύνειν
1358 1524 1577 1591 αὐτούς·
1609 1525 1683 1590 ῶς
1706 1527 1769 1586 δὲ
1794 1530 1941 1590 κατ-αἶ

344 1612 474 1677 τούς
518 1611 923 1692 φυλάσσοντας
961 1615 1033 1692 ἥν
1076 1616 1178 1676 τὸν
1216 1613 1559 1692 κρεμάμενον
1602 1614 1778 1686 νέκυν,
1820 1622 1938 1675 ἐπι-

344 1700 648 1763 σπάσαντα
660 1707 769 1764 τῶν
780 1703 968 1764 α’,σκῶν
982 1703 1079 1763 δύο
1092 1701 1130 1779 ἢ
1144 1706 1292 1779 τρεῖς
1304 1702 1582 1765 ποδεῶνας
1598 1701 1766 1762 afa-dv
1780 1702 1942 1765 λύειν

344 1786 719 1868 ἀπαμμένους·
760 1790 832 1854 ὦς
863 1792 923 1851 δὲ
959 1793 1110 1868 ἔρρεε
1143 1789 1176 1850 ὁ
1214 1790 1377 1860 οἶνος,
1403 1789 1509 1865 τὴν
1541 1790 1800 1865 κεφαλήν
1836 1817 1941 1866 μιν

346 1876 652 1938 κόπτεσθαι
668 1878 894 1960 μεγάλα
911 1880 1154 1956 βοῶντα,
1173 1877 1245 1941 ὥς
1260 1876 1360 1936 οῦκ
1376 1877 1576 1955 ἔχοντα
1591 1876 1734 1953 πρὸς
1745 1877 1941 1939 ὁκοῖον

342 1967 452 2025 τῶν
491 1964 629 2026 ὄνων
666 1971 885 2043 πρῶτον
922 1965 1222 2043 τράπηται·
1259 1963 1392 2028 τοῦς
1431 1964 1490 2023 δὲ
1529 1963 1821 2040 φυλάκους
1863 1965 1940 2029 ὥς

346 2052 477 2112 ἰδεῖν
501 2053 684 2114 πολῦν
708 2054 907 2132 ῥέοντα
930 2053 1031 2114 τόν
1056 2054 1223 2122 οἶνον,
1243 2050 1650 2131 συντρέχεινές
1671 2052 1779 2128 τήν
1801 2052 1938 2113 ὁδόν

342 2137 549 2221 οἷγγήῖα
580 2142 807 2221 ἔχοντας
838 2142 930 2201 καὶ
958 2141 1058 2212 τᾶν
1086 2138 1448 2219 ἐκκεχυμένον
1479 2138 1631 2199 οἶνον
1661 2142 1938 2220 συγκομί·

342 2229 453 2299 ζειν
495 2234 553 2289 ἐν
590 2230 768 2308 κέρδεϊ
806 2227 1180 2307 ποιευμένους,
1213 2226 1314 2288 τᾶν
1347 2227 1408 2286 δέ
1448 2226 1939 2304 διαλοιδορέεσθαι

342 2321 503 2389 πᾶσι,
551 2317 727 2400 ὀργῆν
770 2315 1267 2395 προσποιεύμενον·
1318 2313 1826 2391 παραμυθευμένων
1870 2316 1939 2376 δὲ

341 2404 507 2466 αὖτὸν
544 2411 655 2467 τῶν
697 2404 980 2482 φυλάκων,
1020 2403 1204 2484 χρόνῳ
1241 2401 1589 2479 πρηΰνεσθαι
1625 2403 1936 2479 προσποιέ-

342 2494 506 2553 εσθαι
545 2495 636 2552 καὶ
673 2493 939 2553 ὖπίεσθαι
976 2496 1078 2568 τῆς
1117 2490 1308 2571 ὀργῆς·
1346 2488 1513 2552 τέλος
1551 2489 1628 2559 δὲ,
1663 2489 1939 2558 ἐξελάσαι

340 2578 509 2641 αὐτόν
531 2580 660 2644 τούς
685 2579 843 2644 ὄνους
869 2584 928 2640 ἐκ
952 2584 1054 2657 τῆς
1078 2577 1228 2649 ὁδοῦ,
1256 2577 1348 2636 καὶ
1373 2576 1821 2647 κατασκευάζειν·
1860 2578 1960 2641 ὦς·

338 2666 399 2725 δὲ
423 2666 629 2748 λόγους
645 2693 707 2727 τε
727 2667 954 2730 πλείους
973 2665 1310 2747 ἐγγίνεσθαι,
1331 2663 1429 2723 καί
1447 2689 1574 2723 τινα
1592 2663 1684 2723 καὶ
1703 2666 1947 2742 σκῶψαί

337 2778 435 2830 μιν
465 2755 557 2813 καὶ
593 2760 649 2818 ἐς
676 2753 897 2836 γέλωτα
924 2751 1370 2834 προαγαγέσθαι,
1398 2751 1682 2810 ἐπιδοῦναι
1704 2750 1941 2812 αὐτοῖσι

336 2846 447 2903 τῶν
481 2841 670 2903 οἷσκῶν
706 2841 820 2902 ἕνα·
858 2841 990 2904 τούς
1024 2842 1085 2902 δὲ
1117 2840 1302 2910 αὐτοῦ,
1336 2838 1527 2915 ὥσπερ
1563 2838 1734 2918 εἶχον,
1764 2865 1941 2899 κατα-

333 2928 626 2993 κλιθέντας
664 2930 842 2989 πίνειν
872 2928 1237 2998 διανοέεσθαι,
1271 2928 1364 2986 καὶ
1394 2929 1602 2986 ἐκεῖνον
1631 2930 1942 3005 παραλαμ-

336 3016 534 3089 βάνειν
560 3018 650 3076 καὶ
677 3015 918 3076 κελεύειν
941 3014 1060 3092 μετ’
1088 3018 1300 3074 ἑωυτῶν
1323 3016 1588 3090 μείναντα
1614 3014 1941 3091 συμπίνειν·

336 3102 436 3161 τόν
475 3104 534 3161 δὲ
572 3105 876 3178 πεισθῆναί
908 3129 973 3163 τε
1011 3102 1081 3178 δὴ
1115 3103 1207 3160 καὶ
1247 3103 1590 3177 καταμεῖναι·
1632 3100 1705 3163 ῶς
1735 3101 1799 3161 δέ
1834 3127 1947 3177 μιν

337 3188 490 3260 παρὰ
528 3189 631 3262 τήν
667 3190 839 3248 πόσιν
880 3188 1242 3264 φιλοφρόνως
1274 3186 1615 3262 ἠσπάζοντο,
1649 3188 1950 3249 ἐπιδοῦναι

339 3268 561 3329 αὐτοῖσι
592 3274 684 3331 καὶ
715 3272 896 3333 ἄλλον
919 3278 1039 3334 Δτῶν
1070 3273 1278 3332 οἷσκῶν·
1319 3272 1547 3351 δαψιλέϊ
1583 3274 1645 3333 δὲ
1675 3278 1756 3353 τῷ
1779 3279 1954 3357 ποτῷ
