2184 3517
208 124 445 190 87—90]
920 126 1147 175 mmm.
1764 125 1828 171 4⁵

209 206 472 281 φέρουσί
495 230 558 265 τε
591 206 683 265 καὶ
717 204 923 285 ἄγουσι
958 204 1031 265 τοὶ
1068 202 1202 266 σά.”
1281 205 1451 285 Κύρῳ
1476 205 1536 263 δὲ
1575 205 1829 279 ἐπιμελὲς
1847 204 1924 263 89

212 294 444 373 ἐγένετο
479 292 552 353 τοὶ
593 298 843 371 Κροῖσος
885 292 1024 353 εἷπε·
1065 292 1568 370 μεταστησάμενος
1607 292 1666 350 δὲ
1703 288 1834 353 τοὺς

209 379 452 452 ἄλλους,
482 382 657 458 εἴρετο
692 381 1005 458 Κροῖσον”
973 408 1004 442 ο
1030 406 1088 440 τι
1121 384 1174 440 οἱ
1205 379 1465 460 ἐνορωη’
1439 406 1497 439 εν
1521 382 1675 439 τοῖσι
1709 404 1832 438 ποι-

212 469 540 545 ευμένοισις
580 469 611 529 ὁ
641 469 700 528 δὲ
727 468 866 529 εἷπε·
900 481 935 505 “
944 469 1070 529 ἐπεί
1088 494 1153 528 τε
1176 495 1251 547 με
1278 468 1396 529 θεοὶ
1425 469 1603 527 δῶκαν
1629 465 1831 526 δοῦλόν

212 581 336 626 σοι,
355 557 548 616 δικαιῶ
570 558 692 617 εἴτι
713 558 910 634 ἐνορέω
928 558 1107 617 πλέον
1127 557 1420 634 σημαίνειν
1446 581 1562 616 σοι.
1606 555 1831 632 Πέρσαι

213 642 405 719 φύσιν
445 645 626 709 ἐόντες
662 645 952 722 ὑβρισταὶ,
997 646 1108 705 εἰσὶ
1148 644 1486 724 ἀχρήματοι·
1529 641 1601 720 ἦν
1641 641 1717 702 ὧν
1754 642 1831 702 σὺ

211 732 451 796 τούτους
511 733 757 812 περιιδῃς
816 733 1233 812 διαρπάσαντας
1290 732 1382 791 καὶ
1441 730 1830 811 κατασχόντας

211 820 486 898 χρήματα
515 821 757 903 μεγάλα,
797 821 930 881 τάδε
963 847 1053 881 τοι
1095 822 1158 891 ἐξ
1191 820 1370 881 αὑτων
1411 820 1641 907 ἐπίδοξα
1677 819 1828 900 γενέ-

220 908 386 967 σθαι·
417 908 478 973 ὂς
503 935 571 968 αν
598 907 776 968 αὑτῶν
800 911 1047 969 πλεῖστα
1074 908 1348 987 κατάσχῃ,
1368 912 1567 968 τοῦτον
1551 895 1829 984 προσδέ-

216 997 429 1056 κεσθαί
455 1023 545 1057 τοι
579 996 1129 1075 ἐπαναστησόμενον.
1197 1001 1297 1057 νῦν
1327 995 1404 1056 ὧν
1432 995 1675 1070 ποίησον
1707 991 1827 1065 ωδε,

216 1083 273 1142 εἴ
296 1110 388 1143 τοι
412 1084 640 1163 άρέσκει
663 1084 737 1146 τοὶ
769 1085 877 1164 ἐγώ
901 1086 1070 1166 λέγω·
1114 1084 1345 1145 κάτισον
1370 1086 1480 1143 τῶν
1505 1081 1829 1161 δορυφόρων

215 1171 313 1230 ἐπὶ
338 1172 564 1253 πάσῃσι
588 1176 726 1252 τῇσι
745 1172 964 1253 πύλῃσι
986 1172 1290 1249 φυλάκους,
1316 1171 1368 1231 οἳ
1393 1171 1669 1252 λεγόντων
1687 1168 1829 1247 πρός

215 1258 351 1323 τοὺς
378 1261 713 1339 ἐκφέροντας
742 1260 814 1322 vd
837 1260 1104 1339 χρήματα
1134 1259 1544 1339 ἀπαιρεόμενοι,
1574 1257 1643 1321 ὦς
1673 1263 1829 1333 σφεα

216 1346 532 1430 ἀναγκαίως
562 1349 677 1428 ἔχει
705 1348 1096 1425 δεκατευθῆναι
1126 1353 1204 1428 τῷ
1229 1348 1344 1408 Διΐ.
1400 1348 1492 1406 καὶ
1523 1346 1598 1406 σύ
1622 1372 1684 1405 τε
1715 1352 1830 1422 σφι

219 1433 322 1495 οὑκ
362 1435 712 1516 ἀπεχθήσεαι
741 1437 848 1516 βίῃ
884 1435 1282 1514 άπαιρεόμενος
1318 1434 1390 1495 τοὶ
1426 1434 1705 1515 χρήματα,
1735 1435 1827 1493 καὶ

218 1527 418 1584 ἐκεῖνοι
460 1525 797 1607 συγγνόντες
834 1525 1042 1584 ποιέειν
1079 1550 1151 1584 σε
1186 1525 1385 1594 δίκαια,
1421 1523 1632 1586 ἑκόντες
1666 1523 1826 1599 ποιή-

218 1611 442 1672 σουσι.”
521 1616 709 1673 Ταῦτα
749 1611 962 1672 άκούων
998 1611 1030 1672 ὁ
1068 1617 1256 1689 Κῦρος
1294 1612 1617 1690 ὑπερήδετο,
1658 1637 1730 1674 ως
1771 1636 1824 1670 οι
1804 1612 1920 1670 ‘90

219 1699 402 1759 ἐδόκεε
434 1726 493 1760 ευ
524 1699 910 1760 ὑποτίθεσθαι·
952 1702 1178 1764 αἰνέσας
1205 1700 1265 1759 δὲ
1295 1699 1505 1770 πολλοὶ,
1536 1700 1627 1757 καὶ
1662 1704 1825 1758 ἐντει-

217 1786 458 1865 λάμενος
502 1792 656 1848 τοῖσι
699 1787 1068 1866 δορυφόροισι
1105 1788 1177 1847 τά
1219 1791 1468 1865 Κροῖσος
1507 1786 1825 1862 ὑπεθήκατο

219 1877 537 1949 ἐπιτελέειν,
567 1876 686 1935 εἶπε
710 1876 851 1953 πρὸς
882 1879 1138 1954 Κροῖσον
1162 1877 1312 1935 τάδε·
1354 1887 1390 1911 “
1400 1879 1633 1953 Κροῖσε,
1662 1872 1824 1951 άναρ-

218 1964 457 2040 τημένου
486 1967 588 2024 σεῦ
623 1962 817 2041 άνδρὸς
841 1964 1123 2040 βασιλέος
1145 1964 1370 2043 χρηστά
1397 1965 1532 2045 ἔργα
1567 1962 1658 2021 καὶ
1692 1963 1826 2021 ἔπεα

219 2053 440 2122 ποιέειν,
463 2051 614 2110 αἰτέο
639 2050 743 2126 τὴν
763 2050 923 2111 δόσιν
940 2051 1011 2127 ἦν
1028 2077 1154 2111 τινα
1178 2051 1422 2128 βούλεαί
1443 2076 1533 2110 τοι
1557 2051 1821 2130 γενέσθαι

219 2137 581 2215 παραυτίκα·”
614 2137 646 2198 ὅ
674 2139 734 2198 δὲ
761 2139 899 2198 εἶπε·
934 2138 1020 2198 “ὦ
1047 2139 1314 2209 δέσποτα,
1343 2138 1517 2203 ἐάσας
1541 2164 1614 2215 με
1639 2142 1828 2218 χαριεῖ

219 2226 474 2303 μάλιστα
511 2225 613 2286 τᾶν
653 2227 782 2287 θεὸν
817 2231 928 2286 τῶν
965 2226 1255 2302 Ἑλλήνων
1291 2227 1392 2286 τὸν
1432 2228 1674 2303 ἐτίμησα
1717 2225 1825 2305 ἐγὼ

223 2315 357 2375 θεῶν
375 2315 634 2391 μάλιστα
654 2316 972 2392 ἐπείρεσθαι
998 2314 1300 2392 πέμψαντα
1319 2313 1491 2373 τάσδε
1516 2312 1617 2377 τοὶς
1635 2314 1822 2383 πέδας,

224 2407 270 2461 εἰ
295 2403 575 2472 ἐξαπατᾶν
592 2402 722 2465 τοὺς
751 2400 810 2461 εὖ
830 2406 1125 2465 ποιεῦντας
1151 2400 1319 2479 νόμος
1346 2401 1468 2460 ἔστι
1488 2402 1542 2460 οἱ
1562 2399 1609 2470 ;”
1638 2405 1826 2478 Κῦρος

223 2490 279 2549 δὲ
326 2492 503 2568 εἴρετο
544 2488 577 2549 ὅ
615 2516 672 2549 τι
719 2493 773 2549 οἱ
819 2494 987 2550 τοῦτο
1035 2488 1385 2570 ἔπη-γορεύων
1430 2489 1822 2566 παραιτέοιτο;

224 2583 469 2656 Κροῖσος
506 2579 568 2637 δέ
603 2580 656 2637 οἶ
694 2578 1085 2659 ἐπανηλόγησε
1121 2581 1313 2637 πᾶσαν
1342 2576 1447 2652 τὴν
1478 2580 1678 2637 ἑωυτοῦ
1710 2576 1825 2637 διά-

225 2692 390 2737 νοιαν,
427 2667 521 2725 καὶ
550 2669 662 2725 τῶν
690 2667 1045 2744 χρηστηρίων
1076 2664 1179 2727 τοῖς
1216 2664 1563 2742 ὑποκρίσιας,
1598 2666 1690 2724 καὶ
1719 2665 1824 2742 μά·

223 2758 392 2814 λιστα
425 2753 499 2814 τά
538 2752 884 2830 ἀναθήματα,
927 2755 1019 2812 καὶ
1057 2752 1130 2816 ὦς
1171 2752 1428 2830 ἐπαρθεὶς
1460 2757 1538 2832 τῷ
1576 2754 1824 2830 μαντηῒω

225 2832 636 2920 ἐστρατεύσατο
683 2841 775 2901 ἐπὶ
823 2842 1071 2919 Πέρσας·
1120 2842 1302 2922 λέγων
1349 2840 1409 2899 δὲ
1447 2845 1623 2901 ταῦτα
1670 2841 1816 2901 κατέ-

220 2930 381 3006 βαινε
418 2928 573 2993 αὖτις
609 2929 1040 3007 παραιτεόμενος
1073 2929 1288 2988 ἐπεῖναί
1317 2931 1371 2988 οἱ
1401 2932 1479 3007 τῷ
1511 2929 1617 3008 θεῷ
1647 2928 1823 3010 τούτῳ

224 3015 504 3078 ὄνειδίσαι·
534 3021 720 3095 Κΐρος
736 3017 796 3075 δὲ
809 3016 1060 3097 γελάσας
1078 3016 1215 3075 εἶπε·
1244 3027 1278 3052 “
1288 3016 1379 3074 καὶ
1395 3016 1594 3075 τούτου
1608 3014 1824 3086 τεύξεαι

222 3106 346 3183 παρ’
365 3109 514 3183 ἐμεῦ,
538 3108 772 3182 Κροῖσε,
792 3106 883 3164 καὶ
910 3103 1094 3164 ἄλλου
1112 3103 1322 3167 παντός
1347 3107 1448 3163 τοῦ
1474 3101 1542 3163 ἂν
1559 3104 1826 3164 ἑκάστοτε

225 3193 363 3274 δέῃ.”
447 3193 519 3257 ὦς
551 3193 610 3252 δὲ
641 3197 817 3252 ταῦτα
841 3191 1051 3268 ἤκουσε
1082 3190 1115 3250 ὁ
1153 3196 1421 3267 Κροῖσος,
1449 3192 1682 3267 πέμπων
1711 3195 1825 3270 τῶν

228 3281 415 3341 Λυδῶν
456 3284 515 3344 ἐς
554 3279 836 3354 Δελφοὺς,
870 3279 1192 3338 ἐνετέλλετο
1230 3277 1479 3339 τιθέντας
1517 3276 1617 3341 τὰς
1655 3278 1825 3341 πέδας
