2184 3517
357 107 454 156 168
736 119 740 123 *
951 109 1321 161 ἨΡΟΔΟΤΟΤ

355 186 544 250 ἄδειάν
566 211 629 249 τε
659 187 882 252 διδόντα
916 191 1009 251 καὶ
1043 191 1269 271 μεγάλα
1298 189 1706 269 ὖποδεκόμενον
1733 190 1981 274 ἐλθόντιο

356 280 412 338 ἐς
436 274 568 355 ὄψιν
591 276 694 353 τήν
722 281 942 339 ἐωυτοῧ·
967 278 1068 339 τὸν
1086 278 1147 339 δὲ
1168 282 1332 356 φῶρα
1357 278 1752 354 πιστεύσαντα,
1772 280 1958 340 ἐλθεῖν

353 361 497 440 πρὸς
529 363 715 424 αὐτόν·
754 363 1119 444 Ῥαμψίνιτον
1151 365 1211 425 δὲ
1239 365 1500 477 μεγάλως
1527 365 1837 443 θωυμάσαι,
1866 367 1964 426 καί

357 452 412 510 οἱ
435 450 540 527 τήν
567 451 842 533 θυγατέρα
866 452 1075 529 ταύτην
1101 454 1421 514 συνοικίσαι
1454 479 1528 517 ως
1557 455 1870 513 πλεῖστα’
1843 480 1957 514 επι-

356 538 616 618 σταμένω
643 538 961 616 ἀνθρώπων·
999 542 1338 622 Αἰγυπτίους
1361 542 1467 631 μὲν
1490 538 1604 622 γοῖρ
1626 564 1740 601 των
1764 540 1959 602 ἄλλων

350 626 831 712 προκεκρίσθαι,’
804 630 1011 688 εκεῖνον
1037 628 1099 687 δὲ
1122 626 1459 709 Αἰγυπτίων.

267 714 382 771 122
441 713 603 773 Μετοῖ
635 714 695 773 δὲ
724 718 902 774 ταῦτα
933 716 1132 797 ἔλεγον
1163 719 1362 776 τοῦτον
1391 715 1493 776 τᾶν
1517 716 1786 806 βασιλῆα
1818 714 1959 787 ζωόν

360 801 674 877 καταβῆναι
705 801 851 861 κάτω
878 806 934 866 ἐς
960 801 1062 864 τὸν
1089 807 1144 864 οἰ
1170 803 1451 880 Ελληνες
1480 800 1651 880 ἀΐδην
1664 804 1959 881 νομίζουσι

363 887 516 961 εἶναι,
547 888 640 948 καὶ
666 890 807 949 κεῖθι
832 890 1204 970 συγκυβεύειν
1227 894 1301 969 τῇ
1328 890 1607 969 Δήμητρι·
1641 890 1734 950 καὶ
1756 916 1831 950 τα
1855 892 1959 968 μὲν

361 980 518 1036 νικᾶν
558 974 748 1053 αὐτήν,
789 1002 862 1037 τα
905 978 966 1037 δὲ
1009 976 1362 1038 ἑσσοῦσθαι
1365 976 1458 1037 υπ’
1498 977 1687 1054 αὐτῆς·
1730 977 1831 1037 καί
1862 1002 1960 1055 μιν

360 1062 600 1124 vestm*
565 1088 676 1124 ανω
706 1063 1009 1126 οἷπικεσθαι
1041 1065 1279 1143 δῶρον’
1250 1091 1453 1144 εχοντα
1487 1064 1619 1144 παρ’
1646 1063 1816 1141 αὐτῆς
1845 1089 1958 1146 χει-

359 1149 679 1229 ρόμακτρονν
699 1151 962 1231 χρύσεον.
1031 1152 1145 1213 ‹fax-6
1179 1152 1240 1212 δὲ
1269 1156 1372 1228 τῆς
1395 1152 1761 1231 Ῥαμψινίτου
1794 1178 1959 1212 κατα-

359 1238 587 1313 βάσιος,
623 1239 694 1303 ὥς
726 1239 900 1300 πάλιν
939 1239 1188 1311 α’πίκετο,
1220 1237 1392 1317 ὁρτήν
1422 1240 1491 1316 δὴ
1532 1238 1759 1322 ἀνάγειν
1791 1245 1958 1321 Αἰγυ-

361 1326 554 1390 πτίους
594 1327 834 1403 ἔφασαν·
886 1326 992 1403 τὴν
1042 1328 1135 1387 καὶ
1174 1326 1283 1409 ἐγώ
1325 1327 1450 1387 οἶδα
1495 1328 1575 1387 ἔτι
1620 1327 1714 1387 καὶ
1760 1332 1818 1391 ἐς
1863 1331 1960 1403 ἐμὲ

365 1412 748 1477 ἐπιτελέοντας
774 1440 987 1485 αυτους,
1016 1441 1082 1474 ου
1118 1413 1312 1492 μέντοι
1339 1414 1450 1475 ε’ίτε
1477 1414 1550 1475 δι’
1577 1413 1727 1475 αλλο
1755 1440 1814 1475 τι
1852 1416 1961 1475 εἴτε

364 1498 455 1559 διοὶ
473 1525 649 1561 ταυτα
674 1500 1027 1577 ὄρτάζουσι”
998 1510 1108 1582 εχω
1132 1501 1337 1584 λε’γειν·
1367 1506 1550 1581 φᾶρος
1569 1502 1629 1561 δὲ
1648 1501 1961 1581 αυτημερόν

364 1586 732 1667 ἐξυφήναντες
776 1591 831 1649 οἰ
878 1588 1033 1667 ἱρέες,
1078 1588 1196 1648 κατ’
1242 1588 1317 1650 ὧν
1363 1590 1569 1666 ἔδησαν
1615 1590 1734 1653 {vas
1779 1589 1962 1651 αὐτῶν

361 1675 530 1754 μίτρῃ
554 1701 683 1739 τους
712 1673 1065 1754 ὄφθαλμους·
1108 1676 1414 1759 ἀγαγόντες
1442 1676 1503 1737 δέ
1533 1703 1631 1756 μιν
1658 1679 1861 1758 ἔχοντα
1891 1678 1961 1740 τό

365 1766 546 1841 φᾶρος
586 1768 642 1827 ἐς
685 1763 815 1824 ὁδὸν
856 1764 1143 1850 φερουσαν
1184 1769 1241 1829 ἐς
1283 1765 1404 1843 ἶρόν
1444 1765 1759 1844 Δήμητρος,
1800 1765 1962 1827 αὐτοὶ
2025 1780 2034 1785 “

363 1849 839 1912 απαλλάσσονται
872 1851 1073 1912 ὀπίσω·
1114 1851 1216 1913 τᾶν
1251 1853 1365 1912 δὲ
1346 1852 1467 1931 ιρέα
1499 1858 1699 1914 τοῦτον
1734 1854 1964 1914 καταδε-

367 1936 594 2013 δεμένον
637 1964 768 2002 τους
815 1937 1149 2016 ὀφθαλμους
1194 1939 1431 2021 λέγουσι
1473 1940 1586 2001 υπὸ
1633 1940 1732 2001 δύο
1776 1940 1964 2003 λύκων

367 2023 608 2106 ἄγεσθαι
644 2031 699 2089 ἐς
733 2026 800 2088 τὸ
838 2027 958 2104 ἶρόν
990 2031 1095 2104 τῆς
1132 2027 1450 2107 Δήμητρος,
1481 2027 1696 2108 οἷπέχον
1723 2032 1829 2105 τῆς
1858 2028 1962 2089 πό-

365 2115 546 2176 λιος’
520 2114 728 2174 εείκοσι
760 2112 1037 2186 σταδίους,
1071 2116 1165 2174 καὶ
1197 2114 1350 2179 αυτις
1378 2115 1562 2176 οπίσω
1594 2122 1656 2176 ἐκ
1694 2120 1797 2177 τοῦ
1838 2118 1965 2190 ἶροῦ

274 2199 442 2260 123’
406 2200 641 2282 απάγειν
677 2228 777 2278 μιν
803 2227 935 2265 τους
967 2202 1230 2266 λύκους’
1203 2228 1260 2266 ες
1287 2201 1462 2263 τῶυτό
1492 2202 1716 2284 χωρίον.
1791 2207 1965 2264 Τοῖσι

248 2365 271 2382 Κ...

272 2387 401 2498 ’ἱ

365 2288 469 2366 μέν
493 2314 590 2350 νυν
613 2289 707 2350 υπ’
735 2289 1050 2371 Αἰγυπτίων
1076 2288 1435 2371 λεγομένοισι
1458 2289 1758 2370 χράσθω
1724 2316 1861 2370 οτεω
1887 2291 1966 2352 τοὶ

364 2380 594 2438 τοιαῦτα
617 2376 878 2438 πιθανά’
850 2403 994 2438 εστι·
1035 2378 1160 2455 ἐμοὶ
1187 2376 1247 2437 δὲ
1270 2402 1425 2455 παρα
1449 2376 1633 2438 πάντα
1655 2376 1756 2484 τόν
1780 2377 1967 2459 λόγον

365 2462 667 2535 υπόκειται,
695 2464 783 2526 ὅτι
804 2463 878 2525 τοὶ
908 2464 1188 2546 λεγόμενα
1216 2463 1357 2542 υπὲρ
1383 2464 1631 2527 ἑκάστων
1657 2463 1800 2544 α’κοῃ
1820 2491 1966 2547 γρα-
1997 2542 2016 2554 ἱ

368 2557 478 2627 φω.
545 2550 935 2632 οἷρχηγετεύειιι
969 2553 1031 2612 δὲ
1064 2555 1175 2612 τῶν
1210 2551 1356 2612 κάτω
1390 2552 1687 2634 Αἰγύπτιοι
1720 2551 1968 2634 λέγουσι

283 2705 289 2711 ,
368 2638 642 2715 Δήμητρα
683 2640 775 2698 καὶ
814 2639 1110 2700 Διόνυσον.
1182 2644 1393 2717 πρῶτοι
1431 2639 1493 2699 δὲ
1532 2639 1626 2699 καὶ
1663 2639 1820 2701 τόνδε
1857 2640 1968 2702 τόν

364 2724 542 2805 λόγον
560 2725 861 2808 Αἰγύπτιοί
881 2731 993 2787 εἰσι
1018 2730 1072 2787 οἶ
1099 2727 1361 2801 εἰπόντες·
1395 2726 1466 2792 ὥς
1489 2726 1781 2806 ἀνθρώπου
1801 2729 1966 2809 ψυχή

366 2812 639 2878 ἀθάνατός
685 2819 825 2887 ἐστι,
866 2818 968 2876 τοῦ
1012 2814 1274 2892 σώματος
1318 2815 1378 2875 δὲ
1425 2816 1862 2893 καταφθίνοντος
1905 2822 1970 2882 ἐς

367 2900 516 2961 ἄλλο
551 2903 692 2973 ζῶον
726 2904 834 2964 αἰεὶ
866 2902 1159 2985 γινόμενον
1196 2902 1469 2964 ἐσδύεται·
1512 2903 1686 2974 ἐπεοὶν
1712 2903 1773 2963 δὲ
1805 2928 1966 2982 περι-

367 2988 507 3069 έλθῃ
547 2990 730 3052 πάντα
769 2989 842 3052 τοὶ
885 2995 1130 3073 χερσαῖα
1166 2992 1264 3051 καὶ
1300 2989 1374 3052 τὰ
1420 2990 1716 3053 θαλάσσια
1754 2991 1850 3051 καὶ
1885 2990 1968 3052 τὰ

366 3103 606 3150 πετεινα,
628 3078 781 3144 αυτις
806 3085 861 3144 ἐς
879 3078 1175 3158 ἀνθρώπου
1194 3082 1362 3158 σῶμα
1378 3078 1674 3161 γινόμενον
1691 3077 1967 3141 ἐσδυνειν·

364 3163 468 3240 τὴν
511 3166 846 3244 περιήλυσιν
891 3167 952 3227 δὲ
997 3167 1140 3246 αὐτῇ
1183 3167 1442 3248 γίνεσθαι
1488 3171 1548 3227 ἐν
1584 3167 1970 3247 τρισχιλίοισι

344 3243 535 3310 ’ἔτεσι.
601 3254 777 3333 τούτω
799 3257 878 3334 τῶ
901 3254 1054 3336 λόγῳ
1081 3254 1195 3317 εἰσὶ
1224 3253 1281 3318 οι
1306 3253 1651 3334 Ἑλλήνων’
1623 3254 1968 3338 εχρήσαντο,
