2184 3517
230 142 518 209 118-120]
921 145 1147 194 mmm.
1768 149 1830 195 61

223 224 405 301 μέλεα
437 221 653 294 διελων,
678 249 752 283 τα
780 225 885 300 μὲν
918 223 1146 300 ὤπτησε
1175 249 1250 283 τα
1281 223 1343 283 δὲ
1374 224 1555 301 ἔψησε
1576 226 1689 284 τῶν
1713 248 1834 301 κρε-

227 316 323 371 ‹31›-
358 310 598 371 εὔτυκτα
629 312 690 371 δὲ
720 310 1102 389 ποιησάμενος
1135 311 1312 390 εἶχεε
1287 316 1499 389 ετοῖμα·
1529 312 1653 370 ἐπεί
1670 337 1733 370 τε
1758 311 1833 383 δὲ,

224 403 329 475 τῆς
354 399 495 477 ὥρης
518 400 814 482 γινομένης
838 403 937 459 τοῦ
965 400 1204 471 δείπνου,
1224 404 1491 477 παρῆσαν
1512 400 1572 459 οἵ
1584 423 1648 459 τε
1667 398 1838 459 ἄλλοι

226 486 550 564 δαιτυμόνες
592 489 685 547 καὶ
725 488 758 548 ὁ
788 487 1097 568 Ἅρπαγος,
1137 491 1292 548 τοῖσι
1327 490 1432 565 μὲν
1471 486 1707 548 ἄλλοισι
1746 488 1839 546 καὶ

227 573 377 653 αὐτῷ
402 573 710 656 Ἀστυάγεϊ
739 576 1106 652 παρετιθέατο
1137 573 1406 652 τράπεζαι
1437 574 1701 635 ἐπιπλέαι
1729 600 1836 652 μη-

226 662 393 723 λείων
413 666 603 740 κρςῶν,
617 663 885 744 Ἀρπάγῳ
911 662 972 722 δὲ
994 667 1097 722 τοῦ
1115 662 1312 725 παιδός
1335 666 1437 722 τοῦ
1464 665 1666 723 ἑωυτοῦ
1685 663 1841 739 πλῆν

228 754 487 826 κεφαλῆς
515 776 581 811 τε
615 752 708 810 καὶ
738 749 920 828 ἄκρων
941 754 1145 829 χειρῶν
1167 776 1231 811 τε
1257 751 1350 810 καὶ
1374 751 1561 812 ποδῶν
1585 750 1658 811 τά
1683 750 1840 812 ἄλλα

227 837 432 898 πάντα·
472 843 651 898 ταῦτα
689 838 748 898 δὲ
784 839 954 917 χωρὶς
987 839 1162 897 ἔκειτο
1202 839 1294 899 ἐπὶ
1330 840 1503 918 κανέῳ
1541 835 1840 899 κατακεκαὲ

228 927 508 1004 λυμμένα·
549 926 623 990 ὥς
661 927 723 986 δὲ
758 931 837 1006 τῷ
866 925 1135 1007 Ἀρπάγῳ
1173 926 1356 987 ἐδόκεε
1396 926 1523 990 ἅλις
1559 928 1704 1010 ἔχειν
1737 932 1841 1004 τῆς

227 1016 430 1092 βορῆς,
455 1013 778 1096 Ἀστυάγης
803 1013 979 1091 εἴρετό
1011 1039 1110 1091 μιν
1143 1017 1191 1074 εἰ
1221 1014 1426 1092 ἡσθείη
1456 1040 1515 1075 τι
1543 1019 1616 1093 τῇ
1647 1015 1841 1094 θοίνῃ;

230 1103 489 1178 φαμένου
514 1102 575 1161 δὲ
598 1100 887 1183 Ἀρπάγου
913 1101 1006 1161 καὶ
1031 1099 1209 1179 κάρτα
1232 1100 1481 1177 ἡσθῆναι
1504 1103 1843 1179 παρέφερον,

228 1193 387 1251 τοῖσι
408 1190 759 1269 προσέκειτο,
784 1189 890 1265 τῆν
915 1189 1174 1264 κεφαλῆν
1197 1194 1298 1249 τοῦ
1323 1189 1520 1252 παιδός
1546 1215 1845 1250 κατακεκα-

229 1278 524 1355 λυμμένην
557 1278 650 1338 καὶ
684 1276 785 1340 τὰς
815 1281 1008 1355 χεῖρας
1044 1278 1138 1336 καὶ
1172 1276 1304 1341 τούς
1333 1276 1523 1350 πόδας,
1545 1276 1845 1358 Ἀρπαγον

229 1366 297 1425 δὲ
331 1366 585 1426 ἐκέλευον
614 1364 961 1443 προστάντες
994 1364 1413 1426 ἀποκαλύπτειν
1434 1392 1497 1425 τε
1524 1367 1617 1425 καὶ
1640 1367 1848 1443 λαβεῖν

228 1453 301 1515 τὸ
338 1453 613 1531 βούλεται
652 1452 852 1514 αὐτῶν·
892 1452 1223 1529 πειθόμενος
1262 1454 1324 1513 δὲ
1357 1454 1391 1514 ὅ
1418 1453 1714 1536 Ἀρπαγος
1753 1455 1847 1513 καὶ

230 1540 647 1602 ἀποκαλύπτων
677 1540 786 1621 ὁρᾷ
817 1544 919 1602 τοῦ
951 1541 1150 1604 παιδὸς
1179 1540 1253 1601 τοὶ
1287 1542 1588 1619 λείμματα,
1627 1541 1754 1602 ἷδῶν
1787 1543 1849 1602 δὲ

230 1627 364 1689 οὔτε
411 1627 694 1711 ἐξεπλάγη
736 1628 889 1693 ἐντός
930 1653 994 1689 τε
1035 1631 1238 1689 ἑωυτοῦ
1278 1630 1509 1711 γίνεται·
1568 1631 1745 1709 εἴρετο
1787 1630 1849 1689 δὲ

230 1715 406 1778 αὖτόν
445 1716 478 1777 ὅ
518 1715 851 1799 Ἀστυάγης,
901 1720 951 1776 εἰ
992 1715 1263 1798 γινώσκοι
1307 1716 1433 1778 ὅτευ
1476 1718 1671 1795 θηρίου
1715 1718 1849 1796 κρέα

225 1805 561 1883 βεβρώκοι;
600 1805 632 1865 ὁ
659 1806 720 1865 δὲ
745 1806 838 1866 καὶ
861 1803 1159 1886 γινώσκειν
1183 1807 1295 1882 ἔφη
1321 1806 1415 1865 καὶ
1440 1805 1681 1883 ἀρεστόν
1709 1807 1849 1867 εἶναι

228 1898 350 1954 πᾶν
373 1893 442 1954 τὰ
467 1892 537 1954 ἂν
559 1892 839 1971 βασιλεῦς
865 1894 1019 1972 ἔρδῃ.
1090 1892 1345 1954 τούτοισι
1369 1894 1431 1955 δὲ
1456 1894 1849 1974 ἀμειψάμενος,

229 1982 332 2040 καὶ
363 1979 673 2058 ἀναλαβών
698 1981 773 2042 τοὶ
805 1981 983 2041 λοιπά
1007 1984 1121 2041 τῶν
1152 1986 1340 2059 κρεῶν,
1366 1980 1456 2057 ἥῖε
1486 1988 1543 2046 ἐς
1573 1982 1646 2044 τοὶ
1682 1984 1847 2042 οἰκία·

230 2071 491 2131 ἐνθεῦτεν
515 2070 577 2131 δὲ
601 2070 824 2148 ἔμελλε,
853 2069 924 2133 ὥς
950 2068 1058 2152 ἐγὼ
1083 2070 1271 2144 δοκέω,
1301 2070 1508 2135 ἁλίσας
1545 2070 1749 2151 θάψειν
1775 2070 1850 2132 τὰ

227 2156 442 2218 πάντα.

316 2245 587 2328 Ἀρπάγῳ
624 2250 731 2324 μὲν
759 2245 1079 2329 Ἀστυάγης
1116 2247 1274 2324 δίκην
1305 2245 1516 2323 ταύτην
1549 2248 1804 2324 ἐπέθηκε.
1828 2248 1946 2310 120

230 2333 436 2412 Κύρου
474 2335 537 2395 δὲ
577 2335 706 2413 πέρι
745 2334 1051 2413 βουλεύων,
1098 2334 1294 2395 ἐκάλεε
1332 2334 1463 2397 τοὺς
1504 2333 1705 2397 αὐτ-οὒς
1742 2338 1854 2395 τῶν

226 2421 438 2504 μάγων
471 2422 526 2483 οἳ
553 2423 621 2483 τό
656 2421 907 2484 ἐνύπνιόν
939 2426 994 2482 οἱ
1022 2422 1198 2501 ταύτῃ
1225 2423 1456 2500 ἔκριναν,
1483 2415 1853 2499 ἀπικομένους

229 2510 300 2569 δὲ
326 2510 507 2587 εἴρετο
532 2510 565 2571 ὅ
589 2510 909 2592 Ἀστυάγης
931 2514 1005 2590 τῇ
1033 2509 1250 2588 ἔκρινάν
1275 2513 1330 2570 οἱ
1360 2509 1467 2586 τῆν
1497 2508 1663 2588 ὅψινς
1706 2513 1762 2570 οἱ
1794 2510 1855 2569 δὲ

230 2597 386 2659 κατὰ
408 2597 588 2658 ταῦτά
613 2598 789 2670 εἶπαν,
815 2599 1078 2680 λέγοντες
1111 2597 1182 2661 ὦς
1212 2599 1565 2674 βασιλεῦσαι
1587 2602 1733 2677 χρῆν
1755 2597 1856 2659 τᾶν

228 2686 418 2745 παῖδα
460 2690 511 2746 εἰ
555 2688 801 2758 ἐπέζωσε
841 2687 934 2745 καὶ
973 2684 1056 2763 μὴ
1100 2685 1344 2747 ἀπέθανε
1384 2686 1674 2765 πρότερον·
1718 2687 1751 2748 ὅ
1796 2688 1856 2748 δὲ

231 2771 546 2852 ἀμείβεται
572 2773 772 2838 αὐτοῦς
795 2774 1008 2835 τοῖσδε·
1036 2783 1072 2809 “
1089 2775 1212 2834 ἔστι
1234 2802 1298 2836 τε
1330 2774 1362 2836 ὅ
1387 2780 1519 2839 παῖς
1553 2776 1671 2858 [καὶ
1702 2776 1856 2854 περί·

231 2861 393 2944 εστι]
421 2864 521 2922 καί
538 2888 637 2939 μιν
663 2860 748 2922 ἐπ’
773 2861 949 2944 ἀγροῦ
987 2861 1345 2940 διαιτώμενον
1371 2866 1426 2923 οἱ
1451 2869 1512 2923 ἐκ
1536 2869 1637 2939 τῆς
1669 2863 1855 2939 κώμης

228 2952 438 3014 παῖδες
471 2949 788 3027 ἐστήσαντο
820 2951 1096 3027 βασιλέα·
1129 2950 1161 3011 ὅ
1194 2951 1255 3010 δὲ
1283 2949 1483 3021 πάντα,
1517 2951 1630 3011 ὅσα
1659 2976 1766 3027 περ
1802 2954 1858 3010 οἱ

230 3037 453 3115 ἀληθέῖ
484 3037 637 3119 λόγῳ
673 3039 965 3114 βασιλέες,
1004 3039 1275 3097 ἐτελέωσε
1309 3037 1571 3112 ποιήσας·
1615 3039 1708 3096 καὶ
1741 3036 1853 3117 γὰρ

230 3126 596 3205 δορυφόρους
623 3128 716 3186 καὶ
742 3125 1020 3204 θυρωροῦς
1046 3125 1140 3183 καὶ
1172 3123 1637 3204 ἀγγελιηφόρους,
1667 3125 1759 3182 καὶ
1782 3124 1857 3185 τοὶ

232 3215 427 3274 λοιποὶ
451 3213 637 3274 πάντα
663 3213 924 3283 διατάξας
950 3212 1084 3290 εἶχε·
1116 3211 1208 3269 καὶ
1232 3214 1330 3270 νῦν
1365 3215 1421 3272 ἐς
1442 3210 1505 3269 τί
1523 3208 1656 3287 ὗμῖν
1677 3215 1855 3271 ταῦτα

233 3304 514 3378 φαίνεται
545 3302 737 3380 φέρειν
756 3300 804 3371 ;”
838 3300 1000 3360 εἶπαν
1025 3301 1080 3358 οἶ
1110 3296 1305 3379 μάγοι·
1340 3305 1376 3331 “
1394 3300 1442 3356 εἰ
1470 3299 1575 3374 μὲν
1603 3299 1861 3375 περίεστί
