2184 3517
269 103 368 153 212
878 99 1244 148 ‘HPOAQTOT
1738 97 1881 162 [111.

265 182 464 243 αὐτίκα
488 180 521 241 6
549 179 873 258 Καμβύσης
899 179 1075 260 ὀργῆν
1101 178 1483 256 ποιησάμενος
1510 179 1888 255 ἐστρατεύετο

267 272 358 330 ἐπὶ
384 269 513 333 τούς
542 270 829 338 Αἰθίοπας,
859 267 985 329 οὔτε
1023 266 1387 345 παρασκευήν
1412 268 1576 327 σίτου
1617 266 1890 344 οὐδεμίαν

266 359 650 440 παραγγείλας
703 355 828 416 οὔτε
888 357 1063 437 λόγον
1129 360 1307 435 ἑωυτῷ
1374 354 1502 419 δούς
1556 355 1646 416 ὅτι
1700 361 1756 419 ἐς
1805 360 1888 417 τοὶ

267 448 483 527 ἔσχατα
507 449 608 520 τῆς
631 449 739 526 γῆς
767 448 969 522 ἔμελλε
996 444 1425 522 στρατεύεσθαι·
1480 445 1573 503 οἷα
1611 444 1674 504 δὲ
1704 449 1884 521 ἐμμα-

267 535 365 611 νής
404 560 467 594 τε
508 533 611 593 ἐών
649 533 741 591 καὶ
777 532 841 592 ού
881 532 1178 610 φρενήρης,
1217 532 1287 595 ὦς
1316 531 1485 609 ἤκουε
1520 535 1631 592 τῶν
1665 531 1887 611 Ἰχθυο-

270 621 483 703 φάγων,
530 620 895 698 ἐστρατεύετο
934 621 1227 696 Ἑλλήνων
1260 622 1365 697 μὲν
1405 619 1537 683 τούς
1571 618 1888 697 παρεόντας
1915 648 1922 652 ·

268 709 441 770 αὐτοῦ
477 709 652 788 ταύτῃ
688 709 859 779 τάξας
893 708 1205 784 ὖπομένειν,
1243 707 1345 769 rav
1388 707 1448 767 δὲ
1490 707 1661 779 πεζὸν
1694 708 1887 769 πάντα

266 798 383 875 ἅμα
415 796 707 878 ἀγόμενος·
754 798 879 857 ἐπεί
903 823 965 858 τε
999 797 1058 855 δὲ
1096 794 1537 873 στρατευόμενος
1569 796 1788 877 ἐγένετο
1819 802 1887 858 ἐν

269 885 521 965 Θήβῃσι,
559 884 817 962 ἀπέκρινε
852 889 954 945 τοῦ
989 888 1238 962 στρατοῦ
1278 883 1349 948 ὥς
1382 885 1550 945 πέντε
1587 885 1883 962 μυριάδας·

271 975 364 1033 καὶ
387 973 640 1035 τούτοισι
675 976 780 1051 μὲν
808 974 1129 1055 ἐνετέλλετο
1153 972 1503 1050 Ἀμμωνίους
1544 973 1885 1050 ἐξανδραπο-

270 1062 600 1140 δισαμένους
631 1062 697 1123 rc)
742 1061 1089 1142 χρηστήριον
1133 1061 1201 1121 τὰ
1244 1063 1347 1120 τοῦ
1389 1059 1527 1124 Διὸς
1572 1065 1883 1138 ἐμπρῆσαι,

270 1149 438 1213 αὖτός
483 1150 542 1209 δὲ
593 1149 695 1210 τόν
739 1149 945 1210 λοιπὸν
986 1175 1138 1230 αγων
1186 1147 1433 1225 στρατὸν
1473 1147 1563 1224 ἤϊε
1608 1149 1703 1207 ἐπὶ
1748 1175 1887 1214 τους

274 1240 565 1302 Αἰθίοπας·
606 1239 738 1316 πρὶν
773 1238 834 1297 δὲ
868 1242 971 1314 τῆς
1011 1237 1154 1297 ὁδου
1185 1236 1253 1297 τὸ
1296 1237 1555 1313 πέμπτον
1588 1237 1758 1314 μέρος
1800 1238 1886 1297 δι-

272 1327 602 1402 εληλυθέναι
641 1352 745 1402 την
781 1327 1064 1404 στρατιὴν,
1110 1324 1308 1385 αὐτίκα
1340 1324 1524 1384 πάντα
1568 1324 1768 1389 αὐτους
1805 1353 1886 1387 τα,

271 1414 424 1523 εἶχον
450 1416 643 1475 σιτίων
669 1414 909 1493 ἐχόμενα
936 1414 1313 1473 ἐπελελοίπεε·
1348 1412 1493 1488 μετά
1519 1412 1579 1472 δὲ
1604 1411 1676 1473 τά
1702 1415 1881 1485 σιτία,

273 1502 366 1560 καὶ
389 1501 462 1561 τοὶ
492 1500 764 1583 υποζύγια
798 1503 1028 1560 ἐπέλιπε
1062 1499 1486 1577 κατεσθιόμενα·
1562 1505 1612 1561 εἰ
1642 1502 1748 1578 μέν
1781 1529 1886 1563 νυν

269 1588 463 1665 μαθων
495 1591 669 1649 ταῦτα
707 1587 740 1647 6
779 1588 1105 1665 Καμβύσης
1142 1586 1537 1669 ἐγνωσιμάχεε,
1568 1590 1660 1648 καὶ
1693 1589 1886 1697 ἀεπ-ἣγε

270 1675 453 1736 ὀπίσω
477 1676 578 1737 τὸν
605 1676 866 1753 στρατὸν,
896 1677 987 1735 ἐπὶ
1020 1681 1095 1755 τῇ
1133 1676 1379 1756 ἀρχῆθεν
1404 1678 1676 1758 γενομένῃ
1702 1677 1886 1757 ἀμαρ-

270 1764 457 1824 ‘ruffin’
421 1790 490 1840 ην
516 1763 657 1842 ἀνὴρ
683 1763 885 1840 σοφός·
919 1768 1015 1825 νῦν
1041 1765 1102 1824 δε
1130 1764 1327 1825 οὐδένα
1350 1765 1529 1846 λόγον
1554 1764 1886 1843 ποιεύμενος

272 1851 361 1928 ἤϊε
386 1852 492 1911 αἰεὶ
524 1858 580 1916 ἐς
613 1852 680 1913 τό
714 1852 930 1930 πρόσω·
973 1856 1027 1913 οἱ
1064 1853 1125 1912 δὲ
1166 1858 1519 1931 στρατιῶται,
1552 1854 1650 1918 ἔως
1684 1854 1790 1930 μέν
1821 1881 1883 1915 τι

273 1940 425 2018 εἶχον
451 1946 510 2000 ἐκ
537 1944 638 2016 τῆς
672 1944 779 2022 γῆς
813 1940 1130 2017 λαμβάνειν
1161 1943 1605 2022 ποιηφαγέοντες
1639 1942 1882 2013 διέζωον·

273 2029 393 2088 ἐπεὶ
422 2029 482 2088 δὲ
509 2033 564 2092 ἐς
592 2028 696 2105 τὴν
722 2028 955 2107 ψάμμον
992 2028 1277 2098 ἀπίκοντο,
1307 2029 1484 2089 δεινὸν
1512 2031 1675 2111 ἔργον
1701 2030 1885 2091 αὐτῶν

270 2118 413 2180 τινὲς
438 2117 771 2198 ἐργάσαντο·
826 2122 887 2177 ἐκ
928 2116 1155 2181 δεκάδος
1179 2116 1291 2198 γάρ
1330 2118 1424 2178 ἕνα
1466 2119 1661 2194 σφέων
1700 2117 1885 2179 αὐτῶν

272 2203 786 2292 ἀποκληρώσαντες
825 2208 1157 2287 κατέφαγον
1244 2204 1557 2283 πυθόμενος
1598 2205 1658 2264 δὲ
1703 2210 1883 2266 ταῦτα

271 2291 305 2351 6
339 2294 679 2371 Καμβύσης,
717 2294 907 2357 δείσας
946 2294 1050 2370 τὴν
1084 2294 1544 2406 ἀλληλοφαγίην,
1582 2291 1741 2357 ἀπεὶς
1779 2294 1886 2355 τᾶν

274 2381 358 2440 ἐπ’
386 2384 660 2447 Αἰθίοπας
700 2382 914 2443 στόλον
944 2381 1127 2442 ὀπίσω
1161 2381 1473 2459 ἐπορεύετο·
1529 2381 1623 2441 καὶ
1660 2381 1884 2443 ἀπικνέ·

273 2495 391 2529 εται
428 2475 483 2534 ἐς
518 2470 719 2548 Θήβας
748 2469 1001 2533 πολλους
1035 2468 1325 2532 ἀπολέσας
1356 2473 1459 2530 τοῦ
1485 2473 1761 2546 στρατοῦ·
1817 2476 1884 2530 ἐκ

275 2559 509 2634 Θηβέων
562 2558 623 2617 δὲ
682 2558 937 2636 καταβάς
990 2564 1046 2621 ἐς
1104 2559 1360 2634 Μέμφιν,
1413 2558 1545 2622 τούς
1590 2557 1886 2634 ’Έλληνας

274 2644 454 2719 ἀπῆκε
480 2644 798 2705 ἀποπλέειν.
885 2646 917 2706 6
942 2648 1045 2724 μὲν
1071 2646 1157 2706 ἐπ’
1192 2647 1465 2709 Αἰθίοπας
1502 2646 1713 2708 στόλος
1739 2645 1886 2706 οὕτω

276 2731 496 2808 ἔπρηξε.
582 2735 656 2791 Οἱ
682 2731 727 2792 δ’
756 2732 936 2794 αὐτῶν
961 2734 1046 2793 ἐπ’
1081 2735 1428 2812 Ἀμμωνίους
1464 2734 1888 2799 ἀποσταλέντες

276 2819 698 2896 στρατεύεσθαι,
748 2823 872 2881 ἐπεί
906 2849 968 2882 τε
1011 2823 1347 2901 ὁρμηθέντες
1388 2827 1449 2883 ἐκ
1489 2827 1601 2883 τῶν
1645 2824 1889 2898 Θηβέων

277 2906 606 2984 ἐπορεύοντο
630 2910 847 2987 ἔχοντες
873 2910 1141 2991 ἀγωγοῦς,
1162 2910 1491 2988 ἀπικόμενοι
1515 2913 1621 2987 μὲν
1648 2912 1895 2987 φανεροί

277 2999 390 3055 εἶσι
436 3000 492 3059 ἐς
532 2995 745 3057 Ὄασιν
789 2997 975 3067 πόλιν,
1016 2998 1121 3074 τήν
1162 3002 1357 3079 ἔχουσι
1393 3001 1498 3076 μὲν
1540 2999 1742 3076 Σάμιοι
1780 3003 1890 3074 τῆς

278 3085 649 3162 Αἰσχριωνίης
702 3088 890 3160 φυλῆς
934 3085 1229 3165 λεγόμενοι
1269 3088 1436 3147 εἶναι·
1495 3086 1776 3165 ἀπέχουσι
1822 3087 1891 3147 δὲ

259 3171 418 3232 ,emat
451 3170 697 3247 ἡμερέων
729 3170 859 3230 ὁδὸν
890 3171 1002 3231 ἀπὸ
1035 3177 1271 3251 Θηβέων
1302 3174 1393 3234 διά
1424 3174 1680 3253 ψάμμου·
1728 3173 1891 3235 οὖνο-

279 3256 512 3331 μάζεται
546 3257 607 3316 δὲ
637 3257 671 3317 6
697 3261 880 3335 χῶρος
914 3258 1078 3322 οὗτος
1114 3260 1256 3321 κατά
1281 3261 1573 3336 Ἑλλήνων
1602 3265 1895 3341 γλῶσσαν
