2184 3517
372 108 439 156 82
985 107 1346 157 ἮΡοΔοΤοτ
1901 108 1978 176 [1.

371 184 650 259 &ramas-s
676 185 1073 265 στρατεύονται
1121 185 1196 246 ὦν
1242 184 1326 245 ἐπ’
1369 184 1570 250 αὐτοῦς
1614 191 1777 266 κοινῷ
1819 187 1982 270 λόγῳ

369 274 718 354 χρησάμενοι
731 275 1010 351 Τυρσηνοὶ
1026 275 1118 334 καὶ
1134 273 1527 354 Καρχηδόνιοι,
1544 276 1710 351 νηυσὶ
1729 275 1983 355 ἑκάτεροι

303 384 312 393 ’
371 364 655 439 ἐξήκοντα·
700 366 754 423 οἱ
789 363 848 423 δὲ
874 363 1144 425 Φωκαιέες
1168 360 1570 439 πληρώσαντες
1597 364 1689 422 καὶ
1716 363 1874 424 αὐτοὶ
1902 366 1982 426 ταῖ

370 455 564 522 πλοῖα,
593 450 755 512 ἐόντα
780 449 1019 528 ἀριθμόν
1044 449 1329 526 ἐξήκοντα,
1358 448 1617 521 ἀντίαζον
1648 457 1705 515 ἐς
1738 451 1804 512 τὸ
1833 453 1983 531 Σαρ-

371 536 553 599 δόνιον
605 537 944 614 καλεόμενον
989 537 1256 615 πέλαγος·
1319 538 1766 620 συμμισγόντων,
1800 540 1861 600 δὲ
1903 547 1983 622 τῇ

370 628 666 705 ναυμαχίῃ,
683 626 939 702 Καδμείη
962 651 1046 689 τις
1071 625 1195 702 νίκη
1219 629 1374 686 τοῖσι
1399 630 1712 687 Φωκαιεῦσι
1738 628 1981 710 ἐγένετο·

370 716 430 772 αἱ
463 718 567 791 μὲν
595 714 708 796 γὰρ
737 711 1155 790 τεσσεράκοντά
1190 719 1303 790 σφι
1334 716 1461 789 νῆες
1486 713 1890 792 διεφθάρησαν,
1918 720 1984 778 αἱ

370 800 431 861 δὲ
472 802 651 862 εἴκοσι
691 804 750 860 αἶ
787 805 1113 879 περιεοῦσαι
1150 800 1303 877 ἦσαν
1338 801 1645 879 ἄχρηστοι·
1698 802 1984 882 ἐπεστρά-

372 894 525 973 φατο
546 890 657 973 γὰρ
682 888 812 953 τοῦς
846 888 1148 967 ἐμβόλους·
1192 889 1661 954 καταπλώσαντες
1692 890 1752 950 δὲ
1784 896 1840 955 ἐς
1873 892 1985 969 τήν

366 978 661 1054 Ἀλαλίην,
689 976 975 1054 ἀνέλαβον
1004 976 1077 1037 τοὶ
1112 977 1279 1037 τέκνα
1316 976 1409 1037 καὶ
1444 976 1546 1040 τὰς
1578 981 1859 1058 γυναῖκας,
1885 981 1983 1043 καὶ

367 1067 472 1144 τήν
499 1066 684 1143 ἄλλην
711 1070 909 1142 κτῆσιν
934 1064 1078 1141 ὅσην
1113 1064 1230 1125 οἶαί
1262 1091 1326 1126 τε
1357 1061 1604 1146 ἐγίνοντο
1629 1067 1689 1125 αἱ
1711 1067 1841 1143 νῆές
1863 1075 1983 1145 σφι

368 1155 541 1237 ἅγειν·
600 1155 693 1214 καὶ
738 1154 926 1214 ἔπειτα
968 1152 1203 1230 οἷφέντες
1245 1152 1350 1229 τήν
1397 1151 1622 1229 Κύρνον
1665 1155 1871 1215 ἔπλεον
1921 1162 1983 1222 ἐς

279 1244 390 1307 167
410 1243 655 1326 Ῥήγιον.
722 1247 844 1303 Τῶν
877 1243 937 1302 δὲ
969 1242 1413 1320 διαφθαρεισέων
1444 1246 1581 1302 νεῶν
1604 1240 1735 1306 τούς
1757 1241 1979 1321 ἄνδρας,

371 1333 432 1392 οἴ
457 1358 521 1393 τε
546 1329 927 1410 Καρχηδόνιοι
963 1331 1055 1389 καὶ
1086 1333 1143 1391 οἱ
1171 1330 1452 1407 Τυρσηνοὶ
1478 1328 1685 1410 ἔλαχόν
1706 1356 1771 1392 τε
1796 1331 1983 1395 αὐτῶν

367 1424 567 1498 πολλῷ
589 1420 833 1487 πλείους,
855 1418 948 1477 καὶ
970 1416 1200 1482 τούτους
1223 1417 1586 1500 ἐξαγαγόντες
1611 1419 1978 1483 κατέλευσαν.

306 1502 314 1509 ’
368 1507 512 1586 μετοὶ
537 1507 613 1578 δὲ,
640 1505 1041 1588 Ἀγυλλαίοισι
1064 1505 1252 1567 πάντα
1273 1506 1347 1567 τοὶ
1371 1505 1646 1585 παριόντα
1667 1506 1767 1568 τᾶν
1789 1513 1982 1587 χῶρον

371 1601 430 1656 ἐν
466 1599 545 1674 τῷ
586 1597 642 1655 οῖ
681 1594 953 1657 Φωκαιέες
999 1595 1471 1659 καταλευσθέντες
1518 1596 1710 1656 ἐκέατο
1762 1597 1981 1678 ἐγίνετο

368 1683 688 1763 διάστροφα
722 1683 815 1742 καὶ
848 1683 1069 1761 ἔμπηρα
1102 1683 1195 1741 καὶ
1227 1681 1585 1760 ἀπόπληκτα,
1615 1682 1816 1760 ὁμοίως
1839 1687 1979 1764 πρό-

366 1775 525 1849 βατα
555 1772 647 1830 καὶ
677 1769 951 1852 ὑποζύγια
987 1771 1079 1831 καὶ
1115 1768 1414 1849 ἅνθρωποι·
1457 1774 1511 1831 οἱ
1546 1772 1607 1831 δὲ
1639 1769 1982 1853 Ἀγυλλαῖοι

367 1865 423 1924 ἐς
474 1858 741 1936 Δελφοῦς
802 1859 1051 1936 ἔπεμπον
1097 1857 1448 1936 ’βουλόμενοι
1498 1857 1821 1921 ἀκέσασθαι
1871 1862 1983 1940 τὴν

366 1954 675 2033 ἁμαρτάδα,
717 1953 857 2030 ἦνδὲ
898 1955 1086 2031 Πυθίη
1128 1954 1313 2030 σφέας
1355 1954 1617 2015 ἐκέλευσε
1655 1955 1865 2017 ποιέειν
1900 1958 1980 2019 τοὶ

367 2044 460 2103 καὶ
484 2047 582 2104 νῦν
617 2045 673 2102 οῖ
695 2040 1031 2124 Ἀγυλλαῖοι
1066 2043 1146 2103 ἔτι
1173 2042 1542 2103 ἐπιτελέουσι·
1584 2041 1678 2102 καὶ
1704 2042 1817 2124 γὰρ
1855 2049 1976 2105 ἐνα-

364 2132 591 2213 γίζουσί
602 2137 715 2208 σφι
733 2130 1007 2213 μεγάλως,
1029 2131 1124 2190 καὶ
1142 2129 1330 2212 οἷγῶνα
1347 2130 1614 2213 γυμνικόν
1633 2132 1726 2191 καὶ
1746 2133 1978 2195 ἶππικόν

366 2223 655 2280 ἐπιστᾶσι.
696 2219 790 2279 καὶ
817 2217 970 2279 οὗτοι
995 2220 1104 2298 μὲν
1125 2223 1236 2280 τῶν
1255 2219 1545 2279 Φωκαιέων
1562 2217 1795 2299 τοιούτῳ
1817 2220 1979 2303 μόρῳ

365 2306 755 2388 διεχρήσαντο·
798 2311 853 2367 οἳ
884 2307 944 2367 δὲ
981 2306 1162 2368 αύτῶν
1194 2311 1249 2371 ἐς
1277 2306 1345 2368 τὸ
1371 2305 1598 2388 Ῥήγιον
1624 2309 1977 2390 καταφυγόν-

362 2422 468 2467 τες,
513 2397 761 2457 ἐνθεῦτεν
799 2394 1140 2473 ὄρμεῶμενοι
1177 2394 1484 2471 ἐκτήσαντο
1518 2394 1689 2455 πόλιν
1726 2399 1834 2476 γῆς
1871 2400 1979 2474 τῆς

365 2484 668 2561 Οἶνωτρίης
690 2482 914 2559 ταύτην,
949 2482 1071 2559 ἥτις
1104 2487 1203 2543 νῦν
1225 2483 1398 2559 Ὑέλη
1424 2483 1702 2543 καλέεται·
1745 2484 1979 2547 ἔκτισαν

364 2572 426 2631 δὲ
463 2570 685 2648 ταύτην,
726 2571 868 2649 πρὸς
896 2571 1094 2647 οἷνδρὸς
1120 2570 1575 2648 Ποσειδωνιήτεω
1599 2570 1875 2649 μαθόντες
1901 2572 1978 2638 αἷς

361 2657 463 2718 τόν
487 2657 710 2734 Κύρνον
733 2663 847 2734 σφι
875 2658 914 2734 ἦ
941 2659 1130 2736 Πυθίη
1156 2660 1365 2739 ἔχρησε
1393 2660 1583 2721 κτίσαι
1607 2658 1755 2738 ἤρων
1790 2660 1975 2734 ἐόντα,

362 2742 494 2804 ἀλλ’
522 2743 587 2804 οὗ
612 2744 716 2820 τὴν
742 2749 938 2821 νῆσον.

271 2833 387 2894 168
484 2833 735 2909 Φωκαίης
762 2833 868 2910 μέν
901 2860 1002 2895 νυν
1029 2836 1160 2913 πέρι
1190 2839 1294 2912 τῆς
1325 2839 1383 2896 ἐν
1411 2834 1591 2914 Ἰωνίῃ
1619 2834 1790 2899 οὕτως
1814 2835 1976 2916 ἔσχε.

360 2919 738 2999 παραπλήσια
762 2921 823 2982 δὲ
847 2921 1100 2984 τούτοισι
1126 2923 1219 2983 καὶ
1241 2922 1403 2999 Τήΐοι
1429 2925 1721 3001 ἐποίησαν·
1763 2925 1892 2983 ἐπεί
1908 2950 1979 2986 τε

359 3007 473 3091 γάρ
500 3015 693 3117 σφεων
730 3010 847 3070 εἷλε
882 3011 1104 3091 χώματι
1128 3011 1195 3072 τό
1222 3016 1407 3092 τεῖχος
1422 3010 1732 3093 Ἅρπαγος,
1763 3011 1975 3088 ἐσβάν-

358 3121 452 3160 τες
489 3096 692 3162 πάντες
733 3102 790 3163 ἐς
828 3099 901 3160 τοὶ
940 3103 1119 3160 πλοῖα
1162 3124 1385 3178 οιχοντο
1427 3100 1695 3163 πλέοντες
1739 3099 1833 3158 ἐπὶ
1871 3102 1978 3176 τῆς

360 3184 640 3263 Θρηϊκίης,
675 3188 768 3247 καὶ
804 3189 1115 3249 ἐνθαῦτα”
1083 3212 1311 3250 εκτισαν
1348 3185 1520 3248 πόλιν
1538 3186 1827 3265 Αβδηρα·
1866 3186 1978 3264 τήν

358 3269 627 3348 πρότερος
663 3275 872 3337 τούτων
908 3276 1296 3353 Κλαζομένιος
1323 3272 1600 3352 Τιμήσιος
1626 3276 1975 3346 κτίσας,ουκ
