2184 3517
324 113 421 163 320
935 101 1302 152 ‘nvom-ror
1448 95 1450 97 ’
1803 100 1930 166 [IV.

324 185 558 266 σχεδίην
583 186 778 243 πᾶσαν
802 181 1119 258 προθυμίην
1145 180 1421 256 σωτηρίης
1456 205 1520 240 τε
1549 180 1641 239 καὶ
1671 183 1935 257 φυλακῆς

325 270 719 351 παρεχόμενοι·
800 273 976 329 ταῦτα
1030 269 1092 327 δὲ
1148 272 1449 338 ποιεῦντες,
1506 269 1631 344 ε’μοὶ
1672 268 1934 349 μεγάλως

326 357 671 441 χαριεῖσθε.”
739 360 976 434 Δαρεῖος
1013 357 1118 433 μὲν
1141 360 1319 416 ταῦτα
1352 356 1509 419 εἴπας
1537 361 1591 419 ἐς
1629 356 1697 416 τὰ
1728 355 1932 434 πρόσω

330 449 596 528 ἐπείγετο.

235 539 311 600 99
409 540 524 611 Τῆς
560 535 621 593 δὲ
658 532 931 608 Σκυθικῆς
965 534 1071 614 γῆς
1105 531 1145 608 ἦ
1180 531 1394 608 Θρηίκη
1427 530 1496 590 τὸ
1533 535 1589 594 ἐς
1619 530 1932 592 θάλασσαν

327 622 633 701 πρόκειται·
676 620 892 681 κόλπου
932 620 992 680 δὲ
1032 620 1312 700 ἀγομένου
1350 622 1453 695 τῆς
1490 622 1598 700 γῆς
1635 618 1855 696 ταύτης,
1892 621 1935 696 ἦ

329 709 573 785 Σκυθική
603 735 667 769 τε
699 708 991 777 ἐκδέκεται,
1021 709 1115 766 καὶ
1141 708 1173 766 ὁ
1190 706 1416 784 Ἴστρος
1443 707 1651 767 ἐκδιδοῖ
1671 711 1728 771 ἐς
1755 706 1936 783 αὕτῆν

327 799 468 875 πρός
508 797 669 875 εὗρον
707 794 912 873 ἄνεμον
948 794 1017 855 τδ
1057 794 1249 872 στόμα
1287 794 1680 872 τετραμμένος.
1757 795 1828 855 vd
1872 795 1935 854 δὲ

330 885 442 947 ἀπὸ
466 885 715 962 Ἴστρου,
745 885 979 961 ἔρχομαι
1016 881 1310 960 σημανέων
1342 883 1411 942 τὸ
1446 881 1588 959 πρός
1624 880 1936 943 θάλασσαν

332 973 504 1050 αὐτῆς
526 977 628 1049 τῆς
656 973 929 1047 Σκυθικῆς
955 971 1139 1049 χώρης
1165 975 1222 1034 ἐς
1246 971 1538 1048 μέτρησιν·
1570 970 1683 1030 ἀπὸ
1697 969 1937 1048 Ἴστρου

332 1061 475 1138 αὕτη
502 1060 608 1137 ἤδη
634 1059 839 1139 ἀρχαίη
867 1058 1113 1134 Σκυθική
1141 1063 1281 1129 ἐστι,
1309 1058 1451 1134 πρὸς
1473 1059 1843 1136 μεσαμβρίην
1869 1085 1936 1120 τε

334 1150 426 1209 καὶ
452 1148 615 1210 νότον
649 1172 852 1225 ανεμον
888 1147 1126 1223 κειμένη,
1153 1147 1324 1226 μέχρι
1358 1144 1558 1210 πόλιος
1592 1147 1939 1224 καλεομένης

334 1235 738 1315 Καρκινίτιδος·
777 1234 845 1295 τό
871 1234 992 1294 δὲ’
956 1234 1070 1294 από
1094 1233 1315 1309 ταύτης,
1339 1233 1444 1309 τήν
1467 1235 1571 1310 μὲν
1597 1233 1689 1293 ἐπὶ
1713 1234 1937 1294 θάλασ·

334 1349 446 1386 σαν
478 1324 584 1400 τῆν
616 1321 792 1399 αυτῆν
831 1323 1136 1398 φέρουσαν,
1165 1324 1372 1381 ἐοῦσαν
1405 1321 1622 1399 ὀρεινήν
1645 1314 1708 1381 τε
1743 1322 1941 1401 ’χώρην

335 1413 429 1471 καὶ
462 1411 828 1489 προκειμένην
856 1408 924 1470 vd
960 1415 1016 1473 ἐς
1051 1409 1291 1479 Πόντον,
1319 1410 1541 1485 νέμεται
1567 1409 1633 1469 τὰ
1658 1411 1941 1486 Ταυρικον

333 1499 572 1574 ἔθνος,μ
528 1499 697 1577 μέχρι
736 1497 1108 1574 Χερσονήσου
1146 1500 1249 1573 τῆς
1284 1499 1535 1574 Τρηχέης
1575 1499 1939 1575 καλεομένης·

334 1584 474 1661 αὕτη
505 1585 565 1645 δὲ
605 1590 661 1649 ἐς
701 1584 1007 1645 θάλασσαν
1043 1583 1149 1661 τῆν
1188 1609 1329 1660 προς
1367 1583 1690 1661 ἀπηλιώτην
1728 1585 1942 1662 ἄνεμον

336 1674 580 1749 κατήκει.
664 1674 785 1733 ἔστι
814 1672 926 1754 γοῖρ
958 1677 1061 1748 τῆς
1099 1673 1373 1748 Σκυθικῆς
1400 1672 1473 1731 τὰ
1504 1671 1602 1732 δύο
1627 1674 1798 1751 μέρεα
1820 1678 1943 1735 τῶν

336 1754 513 1832 οὔρων
554 1760 610 1818 ἔς
652 1754 980 1839 θάλασσαν
997 1753 1258 1832 φέροντα,
1290 1752 1396 1828 τήν
1432 1778 1495 1813 τε
1535 1754 1677 1832 πρὸς
1712 1779 1941 1832 μεσαμ-

336 1844 509 1920 βρίην
550 1844 640 1902 καὶ
680 1841 785 1917 τῆν
823 1842 964 1919 πρὸς
1001 1841 1107 1917 τήν
1145 1840 1246 1918 ῆω,
1275 1840 1520 1919 κατάπερ
1546 1845 1647 1917 τῆς
1676 1839 1945 1919 Ἀττικῆς

336 1931 537 2010 χώρης·
568 1930 659 1988 καὶ
678 1929 1055 2006 παραπλήσια
1072 1930 1249 2008 ταύτῃ
1271 1929 1362 1988 καὶ
1382 1932 1437 1988 οἱ
1456 1934 1662 2006 Ταῦροι
1678 1932 1946 2007 νέμονται

337 2022 438 2093 τῆς
465 2018 753 2094 Σκυθικῆς,
782 2016 853 2080 ὦς
880 2021 929 2077 εἶ
952 2021 1052 2094 τῆς
1076 2017 1335 2093 Ἀττικῆς
1360 2016 1510 2077 ἄλλο
1536 2018 1691 2082 ἔθνος
1726 2019 1817 2077 καὶ
1850 2021 1945 2096 μή

335 2105 623 2182 Ἀθηναῖοι
641 2107 901 2183 νεμοίατο
919 2105 1019 2167 τὸν
1036 2104 1238 2187 γουνὸν
1255 2105 1356 2165 τᾶν
1375 2106 1694 2177 Σουνιακόν,
1709 2111 1950 2183 μᾶλλον

341 2199 396 2257 ἐς
425 2193 527 2254 τᾶν
556 2193 763 2255 πόντον
785 2193 890 2269 τῆν
917 2193 1091 2271 ἄκρην
1118 2192 1405 2272 ἀνέχοντα,
1430 2193 1532 2253 τὸν
1558 2193 1669 2254 ἀπὸ
1697 2201 1950 2271 Θορικοῦ

338 2283 506 2362 μέχρι
541 2281 945 2359 Ἀναφλύστου
977 2281 1176 2358 δήμου·
1218 2281 1367 2362 λέγω
1393 2281 1471 2350 δὲ,
1500 2281 1571 2344 ὥς
1598 2282 1736 2342 εἶναι
1759 2287 1952 2343 ταῦτα

342 2371 554 2447 σμικροὶ
589 2369 895 2451 μεγάλοισι
929 2369 1300 2445 συμβαλέειν·
1339 2364 1593 2429 τοιοῦτον
1621 2369 1661 2444 ἦ
1693 2371 1952 2450 Ταυρική

343 2463 484 2517 ἔστι·
514 2457 575 2521 ὃς
595 2459 654 2517 δὲ
673 2463 774 2534 τῆς
797 2457 1054 2533 Ἀττικῆς
1077 2460 1255 2518 ταῦτα
1278 2457 1359 2533 μῆ
1385 2458 1952 2541 παραπέπλωκε,ιέγῶ

343 2545 403 2605 δὲ
438 2545 626 2609 ἄλλως
661 2545 915 2622 δηλώσω·
958 2544 1031 2609 ώς
1062 2549 1110 2605 εἶ
1134 2549 1235 2622 τῆς
1264 2544 1550 2627 Ἰηπυγίης
1585 2545 1734 2606 ἄλλο
1766 2549 1948 2620 ἔθνος,

344 2634 436 2691 καὶ
470 2632 550 2708 μὴ
585 2633 855 2715 Ἰήπυγες,
890 2632 1189 2711 ἀρξάμενοι
1227 2637 1291 2694 ἐκ
1330 2635 1664 2710 Βρεντεσίου
1697 2636 1948 2711 λιμένος,

345 2717 727 2795 ἀποταμοίατο
742 2722 912 2799 μέχρι
925 2720 1224 2798 Τάραντος,
1240 2721 1332 2781 καὶ
1351 2723 1611 2798 νεμοίατο
1625 2722 1730 2815 τῆν
1746 2749 1948 2801 ακρην.

346 2805 444 2866 δύο
484 2806 545 2864 δὲ
583 2807 764 2887 λέγων
801 2833 993 2880 ταυτα,
1026 2809 1222 2869 πολλοὶ
1261 2810 1409 2890 λέγω
1448 2811 1748 2887 παρόμοια,
1786 2814 1953 2871 τοῖσι

254 2897 368 2954 100
389 2893 677 2952 ἅλλοισι”
649 2918 789 2953 εοικε
815 2896 853 2970 ἦ
878 2896 1287 2973 Ταυρική.Τὸ
1315 2897 1362 2956 δ’
1388 2896 1502 2958 ἀπο
1526 2903 1627 2974 τῆς
1651 2903 1946 2975 Ταυρικῆς,

344 2980 451 3053 ἤδη
494 2979 705 3043 Σκύθαι
742 2983 809 3041 τό
843 2983 1152 3059 κατύπερθε
1181 2987 1293 3044 τῶν
1324 2986 1552 3063 Ταύρων
1588 2986 1681 3045 καὶ
1704 2986 1777 3046 τὰ
1801 2987 1951 3064 πρδς

349 3064 647 3140 θαλάσσης
671 3071 772 3142 τῆς
795 3068 953 3144 ηὀίης
980 3072 1256 3145 νέμονται,
1283 3076 1386 3131 τοῦ
1410 3097 1475 3133 τε
1487 3072 1811 3181 Βοσπόρου
1842 3078 1951 3134 τοῦ

350 3151 663 3225 Κιμμερίου
707 3154 779 3211 τοὶ
823 3179 964 3229 προς
1011 3158 1252 3233 εσπέρης
1298 3160 1391 3217 καὶ
1440 3164 1544 3235 τῆς
1593 3161 1796 3237 λίμνης
1844 3164 1955 3237 τῆς

349 3233 674 3308 Μαιήτιδος,
714 3239 883 3316 μέχρι
923 3240 1191 3305 Τανάϊδος
1234 3251 1494 3324 ποταμοῦ
1538 3272 1602 3312 ος
1644 3247 1851 3308 ἐκδιδοῖ
1890 3253 1956 3313 ἐς
