2184 3517
248 127 539 193 ποθ-204]
943 126 1170 178 xmo.
1769 128 1862 177 101

246 205 320 268 τά
345 206 535 267 πάντα
566 205 723 282 πλήν
749 206 869 272 {vae
900 211 957 270 ἐς
989 205 1122 266 ἕλεά
1150 231 1215 267 τε
1249 205 1342 265 καὶ
1370 204 1606 288 τενάγεα
1639 205 1860 268 ἐκδιδοῖ·

250 299 308 354 ἐν
326 298 485 355 τοῖσι
505 293 830 373 ἀνθρώπους
849 294 1230 355 κατοικεῖσθαι
1249 295 1486 375 λέγουσι
1508 294 1666 373 ἰχθῦς
1685 293 1866 371 ὦμούς

249 384 624 459 σιτεομένους,
655 384 855 459 ἐσθῆτι
879 383 940 443 δὲ
971 383 1296 460 νομίζοντας
1335 383 1588 460 χρᾶσθαι
1632 383 1858 458 φωκέων

249 470 511 548 δέρμασι·
553 470 620 531 τὰ
664 471 724 531 δὲ
751 471 809 531 ἓν
848 475 959 532 τῶν
984 470 1283 549 στομάτων
1322 474 1421 530 τοῦ
1462 469 1708 548 Ἀράξεω
1746 472 1859 550 ῥέει

248 557 344 618 διοὶ
373 561 619 636 καθαροῦ
647 564 703 623 ἐς
725 558 831 636 τὴν
857 559 1130 635 Κασπίην
1156 557 1479 619 θάλασσαν.

330 645 498 707 Ἐ’δὲ
523 648 764 724 Κασπίη
792 646 1064 709 θάλασσά
1090 652 1216 707 ἐστι
1242 645 1325 706 ἐπ’
1354 650 1571 723 ἐωυτῆς,
1589 645 1654 706 οὐ
1680 673 1821 725 συμ-
1832 650 1948 709 203

243 735 545 816 μίσγουσα
569 738 641 815 τῇ
668 738 824 816 ἑτέρῃ
851 734 1144 814 θαλάσσῃ·
1200 734 1306 812 τὴν
1328 737 1433 813 μὲν
1456 735 1567 818 γὰρ
1583 735 1861 812 Ἕλληνες

244 824 647 883 ναυτίλλονται
673 829 882 895 πᾶσαν,
912 823 1005 884 καὶ
1028 822 1068 900 ἡ
1098 823 1200 894 ἔξω
1227 824 1482 899 στηλέων
1518 822 1791 884 θάλασσα
1815 823 1857 902 ἤ

243 907 549 974 Ἀτλαντὶς
592 912 920 989 καλεομένη,
963 912 1055 971 καὶ
1096 911 1135 987 ἦ
1174 910 1435 989 Ἐρυθρὴ,
1461 912 1566 989 μία
1593 911 1857 994 τυγχάνει

246 1001 449 1059 ἐοῦσα·
489 998 527 1075 ἦ
562 999 623 1059 δὲ
666 1000 904 1076 Κασπίη
946 1000 1069 1060 ἔστι
1113 1000 1271 1077 ἑτέρη
1307 999 1391 1058 ἐπ’
1426 1002 1644 1075 ἑωυτῆς,
1686 1003 1859 1061 ἐοῦσα

242 1090 431 1164 μῆκος
479 1090 586 1165 μὲν
631 1087 821 1166 ,πλόου
873 1089 1082 1168 εἰρεσίῃ
1133 1087 1425 1167 χρεωμένῳ
1469 1088 1858 1147 πεντεκαίδεκα

242 1174 515 1253 ἡμερέων,
565 1173 722 1253 εὖρος
763 1176 823 1236 δὲ
867 1181 941 1255 τῇ
989 1175 1256 1255 εὐρυτάτη
1304 1177 1428 1235 ἐστὶ
1472 1173 1613 1251 αὐτή
1660 1178 1860 1251 ἑωυτῆς

244 1262 396 1323 ὀκτώ
421 1262 688 1341 η’μερέων.
729 1264 822 1323 καὶ
840 1265 913 1324 τοὶ
937 1266 1042 1342 μὲν
1061 1264 1204 1343 πρός
1226 1264 1330 1341 τήν
1350 1263 1594 1349 ἑσπέρην
1614 1262 1859 1377 φέροντα

242 1355 354 1427 τῆς
396 1351 698 1430 θαλάσσης
738 1352 943 1429 ταύτης
981 1380 1013 1414 ο
1057 1352 1363 1415 Καύκασος
1395 1352 1729 1430 παρατείνει,
1756 1351 1859 1414 ἐῶν

245 1438 457 1516 οὐρέων
474 1466 569 1499 και
547 1439 796 1517 πλήθεΐ
819 1441 1094 1522 μέγιστον
1115 1442 1206 1500 καὶ
1231 1439 1465 1522 μεγάθεϊ
1482 1438 1855 1519 ὐψηλότατον.

246 1527 410 1587 ἔθνεα
436 1528 496 1588 δὲ
524 1527 824 1606 άνθρωπων
848 1528 1045 1589 πολλα
1074 1529 1168 1588 καὶ
1191 1531 1430 1589 παντοῖα
1457 1533 1515 1587 ἐν
1543 1531 1719 1607 ἐωυτῷ
1743 1530 1859 1609 ἔχει

246 1614 284 1675 ὅ
315 1615 635 1687 Καύκασος,
652 1615 724 1677 τοὶ
750 1617 948 1677 πολλα
972 1616 1159 1678 πάντα
1184 1615 1279 1676 ἀπ’
1305 1616 1444 1692 ὕλης
1475 1615 1671 1696 ἀγρίης
1697 1617 1857 1688 ζώον-

244 1729 341 1764 τα·
383 1709 444 1765 ἐν
466 1709 622 1766 τοῖσι
649 1706 743 1765 καὶ
768 1705 993 1783 δένδρεα
1020 1705 1221 1781 φύλλα
1258 1705 1489 1781 τοιῆσδε
1523 1705 1667 1781 ἰδέης
1691 1731 1859 1783 παρε-

244 1792 465 1872 χόμενα
490 1794 630 1854 εἶναι
653 1794 897 1876 λέγεται,
923 1794 997 1854 τοὶ
1018 1793 1319 1872 τρίβοντάς
1353 1819 1417 1854 τε
1458 1793 1551 1853 καὶ
1574 1795 1859 1871 παραμίσ-

243 1906 453 1961 γοντας
478 1881 637 1960 ὕδωρ,
666 1883 778 1960 ζῷα
804 1884 1059 1943 ἑωυτοῖσι
1085 1887 1141 1945 ἐς
1163 1881 1267 1959 τὴν
1293 1883 1508 1958 ἐσθῆτα
1534 1882 1857 1963 ἐγγράφειν·

242 1967 320 2028 τά
345 1970 409 2030 δὲ
434 1971 545 2050 ζῷα
571 1969 669 2030 οὐκ
697 1969 1088 2040 ἐκπλύνεσθαι,
1120 1969 1273 2029 ἀλλὰ
1300 1969 1859 2051 συγκαταγηράσκειν

243 2060 325 2136 τῷ
367 2056 529 2138 ἄλλῳ
562 2059 706 2138 εἰρίῳ
749 2057 995 2136 κατάπερ
1038 2059 1413 2134 ἐνυφανθέντα
1442 2056 1641 2137 ἀρχήν.
1706 2058 1860 2135 μίξιν

243 2144 308 2203 δὲ
358 2146 570 2208 τούτων
612 2151 724 2208 τῶν
769 2146 1071 2226 ἀνθρώπων
1118 2146 1256 2209 εἶναι
1300 2147 1570 2224 ἐμφανέα,
1612 2145 1858 2225 κατάπερ

248 2237 410 2295 τοῖσι
434 2234 805 2313 προβάτοισι.

325 2322 416 2382 Τοὶ
440 2325 545 2401 μὲν
572 2323 640 2401 δη
668 2350 808 2413 προς
851 2323 1096 2403 ἕσπέρην
1123 2326 1225 2400 τῆς
1257 2321 1557 2398 θαλάσσης
1595 2321 1811 2398 ταύτης,
1832 2324 1951 2383 204

241 2414 348 2487 τῆς
389 2414 659 2490 Κασπίης
694 2405 1048 2490 καλεομένης,
1082 2411 1116 2473 ὁ
1154 2410 1456 2474 Καύκασος
1497 2410 1744 2491 ἀπέργει,
1786 2436 1857 2471 τα

243 2499 305 2559 δὲ
330 2499 477 2578 πρός
499 2500 584 2577 ἦῶ
622 2527 685 2562 τε
710 2503 803 2561 καὶ
827 2501 993 2578 ἥλιον
1017 2500 1403 2561 ἀνατέλλοντα
1427 2498 1618 2558 πεδίον
1650 2498 1854 2558 ἐκδέκε-

240 2614 337 2649 ται
362 2590 586 2666 πλῆθος
605 2588 835 2666 ἄπειρον
861 2595 917 2653 ἐς
936 2587 1169 2668 ἄποψιν·
1209 2592 1312 2649 τοῦ
1340 2586 1414 2648 ὦν
1440 2586 1509 2665 δή
1537 2585 1729 2647 πεδίου
1754 2591 1857 2648 τοῦ

240 2676 502 2760 μεγάλου
547 2678 647 2738 οὐκ
692 2679 1002 2758 ἐλαχίστην
1033 2677 1239 2755 μοίρην
1263 2677 1567 2756 μετέχουσι
1593 2678 1646 2736 οἰ
1686 2683 1856 2737 Μασ-

242 2767 504 2848 σαγέται,
535 2766 620 2826 ἐπ’
647 2767 743 2831 οὓς
772 2767 805 2827 ὁ
848 2770 1036 2844 Κῦρος
1079 2766 1217 2844 ἔσχε
1247 2765 1564 2843 προθυμίην
1590 2789 1855 2843 στρατευ-

242 2856 487 2915 σασθαι·
527 2855 724 2915 πολλά
741 2880 804 2916 τε
827 2852 938 2936 γάρ
957 2878 1056 2932 μιν
1076 2854 1168 2913 καὶ
1192 2852 1420 2934 μεγάλα
1437 2850 1508 2911 τοὶ
1529 2854 1856 2931 ἐπαείροντα

243 2941 337 3000 καὶ
359 2940 735 3018 ἐποτρύνοντα
753 2939 840 3018 ἦν·
882 2944 1106 3019 πρῶτον
1124 2944 1228 3018 μὲν
1252 2941 1289 3017 ἡ
1308 2943 1542 3023 γένεσις,
1561 2939 1628 3000 τό
1648 2940 1857 3001 δοκέειν

241 3029 422 3089 πλέον
464 3054 522 3087 τι
570 3029 710 3090 εἶναι
753 3028 1062 3107 α’νθριύπου,
1092 3027 1320 3106 δεύτερα
1363 3028 1422 3087 δὲ
1461 3026 1500 3104 ἦ
1547 3026 1770 3105 εὐτυχίη
1813 3026 1852 3105 ἦ

244 3117 386 3177 κατᾶ
439 3116 572 3180 τούς
622 3119 907 3195 πολέμους
955 3116 1247 3199 γενομένη·
1315 3113 1421 3191 ὅκη
1473 3114 1584 3196 γάρ
1639 3112 1850 3175 ἰθύσειε

244 3204 657 3284 στρατεύεσθαι
702 3210 909 3283 Κῦρος,
950 3203 1242 3283 ἀμήχανον
1276 3200 1348 3278 ἦν
1381 3205 1556 3262 ἐκεῖνο
1590 3200 1656 3262 τὰ
1698 3202 1854 3265 ἔθνος

243 3291 589 3376 διαφυγέειν.
