2184 3517
276 124 565 191 147-152]
966 126 1191 178 xum.
1809 132 1876 184 75
1905 122 1921 141 ⁸

270 209 520 285 Αἰγαῖαι,
576 202 818 284 Μύρινα,
859 204 1115 283 Γρύνεια·
1171 202 1337 267 αὗται
1385 204 1578 275 ἕνδεκα
1625 209 1877 271 Αἰολέων

268 291 465 357 πόλιες
505 294 566 352 αἰ
605 291 852 372 ἀρχαῖαι·
899 294 1009 368 μία
1044 292 1159 401 γάρ
1198 298 1393 369 σφεων
1427 284 1783 372 παρελύθη
1760 294 1876 358 ύπό

266 377 482 451 Ἰωνων,
525 379 651 456 Σμι
650 405 774 458 ρνη·
814 377 964 456 ἦσαν
997 381 1111 462 γάρ
1150 381 1242 440 καὶ
1274 378 1438 442 αὗται
1462 380 1704 442 δυώδεκα
1728 385 1788 443 αἰ
1817 388 1877 445 ἔν

265 471 339 547 τῇ
377 467 612 548 ἠπείρῳ.
680 466 835 528 οὗτοι
867 468 930 528 δὲ
970 471 1025 528 οἱ
1055 469 1290 532 Αἰολέες
1319 467 1510 547 χώρην
1541 472 1646 546 μὲν
1677 470 1874 552 ἔτυχον

266 556 562 618 κτίσαντες
612 553 817 632 ἀμείνω
864 553 1078 627 Ἰωνων,
1135 554 1317 634 ὦρέων
1369 556 1430 616 δὲ
1481 555 1731 633 ἤκουσαν
1773 558 1874 620 οὐκ

209 675 222 685 ·
264 641 490 720 ὁμοίως.
559 641 819 720 Σμύρνην
843 642 906 702 δὲ
941 640 1047 703 ὦδε
1079 642 1378 720 ἀπέβαλον
1402 644 1651 708 Αἰολέες.
1718 651 1832 707 Κο-
1852 650 1968 710 150

262 731 584 808 λοφωνίους
608 728 809 807 ἄνδρας
833 728 1011 791 στάσι
1042 731 1392 795 ἑσσωθέντας
1418 733 1511 792 καὶ
1536 732 1875 799 ἐκπεσόντας

264 822 328 877 ἔκ
352 823 456 894 τῆς
481 817 748 895 πατρίδος
762 816 1117 889 ύπεδέξαντο·
1158 818 1303 897 μετὰ
1328 819 1404 891 δὲ,
1425 822 1479 880 οἱ
1505 820 1750 902 φυγάδες
1763 825 1874 885 τῶν

263 906 653 984 Κολοφωνίων
679 905 1030 983 φυλάξαντες
1052 905 1184 972 τούς
1208 908 1553 986 Σμυρναίους
1577 906 1748 987 ὁρτὴν
1772 910 1876 981 ἔξω

260 996 479 1073 τείχεος
518 995 877 1072 ποιευμένους
917 994 1193 1076 Διονύσῳ,
1236 995 1338 1060 τάς
1376 994 1563 1060 πύλας
1602 996 1873 1075 ἀποκληί-

261 1107 470 1146 σαντες
514 1084 686 1162 ἔσχον
724 1082 829 1159 τὴν
859 1081 1049 1144 πόλιν·
1103 1082 1517 1162 βοηθησάντων
1553 1083 1613 1143 δὲ
1651 1083 1872 1147 πάντων

260 1171 534 1242 Αἰολέων,
563 1170 842 1252 ὁμολογίῃ
870 1169 1204 1249 ἐχρήσαντο,
1223 1171 1297 1232 τοὶ
1323 1172 1535 1231 ἔπιπλα
1556 1170 1873 1234 ἀποδόντων

257 1262 376 1318 τῶν
413 1257 611 1319 Ἰώνων
644 1263 894 1319 ε’κλιπεῖν
924 1258 1185 1337 Σμύρνην
1219 1259 1479 1324 Αἰολέας·
1523 1259 1878 1337 ποιησάντων

261 1346 328 1406 δὲ
364 1351 546 1407 ταῦτα
585 1347 925 1425 Σμυρναίων,
963 1346 1332 1409 ἐπιδιειλοντό
1372 1353 1558 1424 σφεας
1592 1350 1652 1407 αἱ
1684 1347 1875 1408 ἕνδεκα

260 1433 479 1507 πόλιες,
534 1436 627 1495 καὶ
679 1434 1022 1512 ἐποιήσαντο
1073 1437 1268 1512 σφέων
1319 1435 1528 1496 αύτέων
1578 1435 1873 1513 πολιήτας.

259 1520 446 1583 Αὗται
480 1523 586 1601 μέν
612 1549 709 1584 νυν
734 1525 793 1583 αἰ
823 1522 1180 1600 ἠπειρώτιδες
1211 1524 1467 1588 Αἰολίδες
1491 1523 1704 1596 πόλιες,
1733 1524 1834 1594 ἔξω
1853 1528 1963 1586 151

260 1615 375 1671 τῶν
416 1616 474 1672 ε’ν
508 1617 583 1691 τῇ
610 1609 736 1691 Ἴδῃ
774 1613 1097 1689 οἰκημένων·
1141 1613 1504 1692 κεχωρίδαται
1538 1612 1650 1695 γὰρ
1689 1610 1871 1674 αὗται·

263 1701 326 1758 αἶ
349 1699 410 1759 δὲ
434 1699 537 1764 τάς
560 1698 768 1776 νήσους
795 1700 1045 1779 ἔχουσαι,
1070 1702 1238 1761 πέντε
1261 1703 1367 1778 μὲν
1380 1700 1576 1765 πόλιες
1599 1700 1704 1777 τήν
1723 1701 1873 1761 Αέσ-

261 1788 378 1863 βον
417 1788 702 1864 νέμονται·
754 1787 859 1864 τήν
891 1788 1004 1870 γὰρ
1047 1789 1210 1865 ἕκτην
1244 1794 1304 1849 έν
1332 1792 1406 1869 τῇ
1444 1789 1660 1868 Λέσβῳ
1701 1791 1874 1849 οἰκεο-

259 1875 439 1951 μένην
476 1874 763 1954 Ἀρίσβαν
803 1874 1223 1953 ἠνδραπόδισαν
1274 1878 1638 1954 Μηθυμναῖοι
1684 1874 1875 1941 ἐόντας

261 1962 560 2040 ὁμαίμους·
603 1968 661 2024 ε’ν
695 1963 906 2043 Τενέδῳ
943 1964 1003 2024 δὲ
1037 1965 1143 2041 μία
1183 1965 1421 2026 οἰκέεται
1459 1963 1643 2037 πόλις,
1683 1964 1777 2024 καὶ
1812 1967 1873 2026 έν

259 2055 403 2130 τῇσι
425 2051 894 2129 Ἐκατοννήσοισι
919 2053 1296 2132 καλεομένῃσι
1321 2052 1476 2129 ἅλλη
1501 2053 1625 2131 μία.

344 2139 664 2216 Λεσβίοισι
686 2140 792 2217 μέν
817 2165 916 2201 νυν
941 2141 1034 2200 καὶ
1060 2141 1386 2213 Τενεδίοισι,
1404 2140 1653 2219 κατάπερ
1676 2140 1875 2202 Ἰώνων

260 2230 421 2288 τοῖσι
457 2226 561 2291 τάς
599 2227 808 2304 νήσους
847 2229 1060 2308 ἔχουσι,
1095 2226 1167 2305 ἦν
1203 2227 1381 2289 δεινόν
1426 2227 1603 2288 οὐδέν·
1644 2233 1782 2307 τῇσι
1812 2228 1874 2288 δὲ

261 2320 510 2395 λοιπῇσι
540 2314 743 2377 πόλισι
781 2315 908 2376 ἕαδε
941 2322 1100 2396 κοινῇ
1120 2317 1285 2377 Ἴωσι
1322 2316 1560 2377 ἔπεσθαι
1582 2319 1655 2393 τῇ
1682 2314 1751 2376 ἂν
1783 2313 1872 2375 οὗ·

261 2429 355 2463 τοι
392 2403 742 2485 ἐξηγέωνται.
808 2403 906 2467 Ὡς
937 2405 997 2464 δὲ
1028 2403 1298 2464 ἀπικέατο
1339 2408 1396 2467 ἔς
1431 2402 1536 2479 τὴν
1567 2401 1833 2480 Σπάρτην
1853 2405 1968 2463 152

261 2495 379 2552 τῶν
415 2491 615 2552 Ἰώνων
647 2493 740 2551 καὶ
776 2492 1026 2552 Αἰολέων
1062 2495 1118 2552 οἱ
1156 2491 1411 2574 ἄγγελοι,
1452 2489 1619 2572 (κατὰ
1656 2489 1769 2572 γάρ
1804 2489 1873 2567 δὴ

260 2578 440 2658 τάχος
478 2577 550 2655 ἦν
587 2582 765 2641 ταῦτα
802 2579 1219 2661 πρησσόμενα,)
1260 2579 1479 2640 εἴλοντο
1509 2577 1622 2657 πρό
1655 2577 1876 2639 πάντων

262 2668 457 2748 λέγειν
494 2667 595 2728 τᾶν
625 2668 873 2739 Φωκαέα,
905 2673 985 2748 τῷ
1021 2666 1234 2746 οὕνομα
1273 2666 1344 2743 ἦν
1385 2665 1702 2746 Πύθερμος·
1749 2666 1783 2728 ὅ
1815 2667 1876 2727 δὲ

262 2752 591 2833 πορφύρεόν
613 2781 676 2815 τε
704 2755 832 2834 εἷμα
866 2755 1319 2834 περιβαλόμενος
1345 2755 1416 2820 ὥς
1440 2753 1510 2816 ἂν
1535 2754 1875 2832 πυνθανόμε-

262 2867 355 2902 νοι
379 2844 648 2903 πλεῖστοι
675 2844 1000 2904 συνέλθοιεν
1027 2843 1435 2922 Σπαρτιητέων,
1455 2844 1548 2903 καὶ
1576 2841 1873 2913 καταστὰς,

266 2931 430 3012 &eye
469 2930 667 2989 πολλοὶ
700 2931 989 3009 τιμωρέειν
1033 2934 1288 2991 ἑωυτοῖσι
1317 2928 1553 3010 χρῄζων·
1604 2929 1874 2991 Λακεδαι-

264 3018 454 3095 μόνιοι
480 3017 541 3078 δὲ
566 3016 632 3078 οὗ
660 3044 765 3082 κως
796 3018 1015 3095 ἤκουον,
1043 3017 1176 3077 ἀλλ’
1204 3017 1443 3087 ἀπέδοξέ
1467 3022 1579 3093 σφι
1604 3016 1685 3094 μή
1710 3041 1874 3092 τιμω-

265 3104 606 3183 ρέεινἼωσι.
662 3110 716 3167 οἶ
741 3109 845 3185 μὲν
861 3105 929 3184 δὴ
949 3105 1419 3167 ἀπαλλάσσοντο·
1446 3103 1876 3182 Λακεδαιμόνιοι

267 3193 330 3253 δὲ
353 3192 720 3274 ἀπωσάμενοι
744 3197 857 3256 τῶν
879 3193 1076 3255 Ἰώνων
1101 3192 1233 3257 τοῦς
1257 3192 1549 3274 ἀγγέλους,
1570 3190 1718 3269 ὅμως
1742 3190 1875 3252 ἀπέ·

266 3286 509 3346 στειλαν
550 3283 963 3363 πεντηκοντέρῳ
1003 3279 1223 3361 ἄνδρας,
1261 3280 1335 3344 ὥς
1369 3281 1476 3358 μὲν
1515 3278 1640 3346 ἐμοὶ
1678 3278 1872 3349 δοκέει,
