2184 3517
309 91 407 140 286
917 89 1285 141 ἯΡΟΔΟΤΟἸ·
1783 92 1911 158 [Π.

305 167 474 230 αὖτόν
514 167 815 245 Ἀριστέην
847 167 1096 244 φανέντα
1128 173 1244 244 σφι
1285 171 1342 232 ἐς
1373 168 1478 244 τὴν
1501 168 1692 248 χώρην
1722 175 1916 232 κελεῦ-

307 281 410 317 σαι
434 255 635 333 βωμόν
658 255 981 316 Ἀπόλλωνι
1006 255 1364 334 ἱδρύσασθαι,
1391 257 1485 316 καὶ
1509 256 1785 333 Ἀριστέω
1809 265 1917 320 τοῦ

305 344 733 421 Προκοννησίου
799 343 1110 420 ἐπωνυμίην
1171 343 1373 423 ἔχοντα
1431 342 1728 421 ἀνδριάντα
1779 346 1918 424 παρ’

306 431 475 492 αὐτὸν
530 431 773 492 ἱστάναι·
841 431 1019 508 φάναι
1067 431 1199 513 γὰρ,
1254 432 1369 508 σφὶ
1419 430 1520 491 τόν
1569 430 1919 495 Ἀπόλλωνα

303 517 663 580 Ἰταλιωτέων
685 518 966 596 ’μούνοισι
1006 518 1074 594 δὴ
1123 518 1427 579 ἀπικέσθαι
1467 523 1524 582 ἐς
1560 518 1667 597 τήν
1703 521 1915 600 χώρην,

307 607 400 667 καὶ
425 606 591 670 αὐτός
625 609 680 665 οῖ
712 606 947 668 ἔπεσθαι
983 605 1016 666 ὁ
1051 610 1150 667 νῦν
1184 605 1287 667 ἐῶν
1317 605 1633 684 Ἀριστέης·
1674 608 1805 669 τότε
1831 610 1915 682 δὲ,

306 693 401 756 ὅτε
423 694 609 754 εἵπετο
623 697 700 772 τῷ
715 694 838 772 θεῷ,
862 693 1000 754 εἶναι
1020 693 1211 771 κόραξ·
1255 694 1348 753 καὶ
1365 693 1465 756 τᾶν
1483 695 1716 755 εἴπαντα
1733 700 1917 757 ταῦτα

307 780 706 858 ἀφανισθῆναι,
750 780 938 857 σφέας
979 782 1039 842 δὲ
1070 781 1512 862 (Μεταποντῖνοι
1552 781 1813 864 λέγουσι)
1856 789 1918 849 ἐς

308 869 573 946 Δελφους
590 868 920 947 πέμψαντας
943 869 1043 930 τὸν
1064 869 1240 929 θεὸν’
1213 872 1514 946 επειρωτᾶν
1534 868 1567 929 ὅ
1592 895 1651 930 τι
1667 895 1735 930 το
1760 870 1915 948 φάσ-

304 983 387 1033 μα
411 961 510 1017 τοῦ
538 955 830 1035 ανθρώπου
857 957 973 1031 εἴη·
958 1001 975 1026 ,
1007 956 1114 1032 τὴν
1140 956 1199 1015 δὲ
1218 956 1439 1033 Πυθίην
1459 955 1646 1033 σφέας
1667 958 1917 1020 κελεύειν

305 1046 603 1107 πείθεσθαι
616 1072 694 1123 τω
665 1044 989 1121 φάσματι,
997 1039 1385 1122 πειθομένοισι
1403 1043 1515 1104 δὲ’
1479 1070 1705 1122 αμεινον
1725 1047 1916 1106 συνοί-

307 1134 533 1195 σεσθαι·
565 1159 657 1193 και
645 1133 866 1209 ’σφεας
901 1132 1232 1210 δεξαμένους
1256 1137 1433 1193 ταῦτα
1456 1136 1698 1208 ποιῆσαι
1734 1138 1916 1196 ἐπιτε·

303 1221 432 1283 λέα.
490 1223 583 1282 καὶ
616 1225 714 1284 νῦν
750 1222 952 1297 ἔστηκε
982 1220 1207 1298 ἀνδριὰς
1242 1222 1554 1298 ἐπωνυμίην
1590 1220 1731 1301 ἔχων
1759 1220 1916 1299 Ἀρι-

306 1310 453 1370 στέω
472 1309 604 1387 παρ’
625 1308 773 1390 αὐτῷ
795 1312 874 1388 τῷ
890 1308 1179 1390 ἀγάλματι
1202 1313 1306 1369 τοῦ
1331 1307 1712 1382 Ἀπόλλωνος·
1740 1308 1915 1387 πέριξ

305 1397 368 1458 δὲ
397 1397 565 1459 αύτὸν
599 1397 808 1474 δάφναι
834 1400 1056 1458 ἐστᾶσι·
1097 1395 1164 1458 τό
1190 1397 1250 1456 δὲ
1276 1394 1510 1478 ἄγαλμα
1538 1400 1597 1456 ἐν
1619 1400 1694 1475 τῇ
1724 1396 1912 1478 ἀγορῇ

308 1485 539 1563 ἵδρυται.
620 1483 893 1562 Ἀριστέω
917 1485 1023 1560 μέν
1047 1509 1145 1546 νυν
1167 1483 1299 1561 πέρι
1323 1487 1576 1544 τοσαῦτα
1601 1483 1867 1561 ειρήσθω.

212 1573 288 1633 16
385 1576 499 1649 Τῆς
537 1571 598 1632 δὲ
639 1576 874 1654 γὴ“ς,τη
803 1575 905 1647 τῆς
934 1573 1064 1650 πέρι
1101 1571 1262 1633 ὅδε“
1230 1598 1264 1632 ο
1306 1571 1481 1652 λόγος
1522 1570 1774 1649 ὥρμηται
1815 1573 1910 1632 λέ·

304 1662 527 1742 γεσθαι,
559 1658 736 1723 οὐδεὶς
765 1658 944 1719 οἶδε’
908 1662 1134 1738 ατρεκες
1164 1658 1199 1720 ὅ
1235 1684 1293 1719 τι
1316 1659 1383 1719 τὰ
1412 1658 1727 1737 κατύπερθέ
1766 1665 1912 1721 ἐστι·

305 1747 527 1812 ούδενὸς
553 1747 666 1830 γὰρ
701 1747 771 1824 δή
811 1746 1096 1809 αὐτόπτεω
1137 1748 1336 1809 εἰδέναι
1376 1748 1632 1825 φαμένου
1673 1747 1915 1825 δύναμαι

304 1837 603 1897 πυθέσθαι·
646 1834 773 1896 οὐδὲ
800 1835 914 1917 γάρ
956 1836 1082 1897 οὐδὲ
1111 1835 1422 1949 Ἀριστέης,
1458 1839 1561 1896 τοῦ
1590 1861 1699 1913 περ
1735 1836 1915 1918 ὀλίγῳ

304 1923 577 2002 πρότερον
635 1923 844 1984 τούτων
904 1923 1131 2002 μνήμην
1191 1924 1503 2001 ἐποιεύμην,
1564 1923 1691 1984 οὐδὲ
1746 1949 1913 1990 ουτος

304 2013 640 2091 προσωτέρω
657 2010 1049 2088 Ἰσσηδόνων’
1024 2039 1082 2073 εν
1109 2010 1333 2072 αὐτοῖσι
1351 2015 1506 2072 τοῖσι
1527 2012 1688 2072 ἔπεσι
1707 2013 1914 2074 ποιέων

304 2102 487 2177 ἔφησε
526 2099 847 2161 ἀπικέσθαι·
900 2099 1055 2159 ἀλλὰ
1094 2098 1168 2160 τὰ
1206 2098 1515 2177 κατύπερθε
1557 2099 1786 2180 ἕλε-γε’
1749 2104 1911 2180 ακοῇ,

304 2189 419 2299 φὰς
455 2187 788 2265 Ἰσσηδόνας
841 2187 979 2248 εἶναι
1016 2212 1148 2250 τους
1186 2191 1363 2248 ταῦτα
1400 2188 1691 2268 λέγοντας.
1776 2187 1910 2247 ἀλλ’

304 2275 445 2337 ὅσον
493 2279 597 2354 μὲν
646 2274 808 2353 ἡμεῖς
853 2274 1119 2354 α’τρεκέως
1173 2275 1267 2334 ἐπὶ
1307 2274 1662 2353 μακρότατον
1705 2275 1824 2336 οιοί
1858 2275 1912 2337 τ’

209 2364 283 2427 17
304 2364 605 2446 ἐγενόμεθα
655 2362 797 2442 οἷκοῇ
852 2363 1152 2434 ἐξικέσθαι,
1205 2366 1320 2423 πᾶν
1378 2362 1679 2441 εἰρήσεται.
1761 2361 1910 2425 ’An-6

299 2455 401 2513 τοῦ
427 2451 902 2530 Βορυσθενεϊτέων
927 2451 1214 2528 ἐμπορίου,
1243 2449 1434 2530 (τοῦτο
1455 2449 1568 2532 γὰρ
1592 2454 1706 2511 τῶν
1729 2476 1911 2529 παρα-

302 2541 634 2600 θαλασσίων
684 2539 1027 2617 μεσαίτατόν
1077 2543 1203 2600 ἐστι
1242 2537 1433 2615 πάσης
1481 2543 1582 2614 τῆς
1625 2540 1911 2619 Σκυθίης,)

299 2625 414 2688 οἷπό
463 2625 665 2687 τούτου
714 2630 928 2705 πρῶτοι
984 2625 1338 2686 Καλλιπίδαι
1391 2626 1670 2703 νέμονται,
1725 2627 1909 2691 ἐόντες

288 2712 568 2791 ”Ελληνες
612 2714 843 2779 Σκύθαι·
897 2714 1039 2794 Ιὖπὲρ
1083 2715 1145 2775 δὲ
1184 2713 1393 2774 τούτων
1435 2713 1588 2774 ἄλλο
1631 2715 1805 2785 ἔθνος,
1848 2714 1909 2775 οἳ

297 2800 609 2872 Ἀλάζωνες
649 2802 964 2862 καλέονται·
1013 2799 1170 2863 οὗτοι
1211 2802 1273 2861 δὲ
1318 2802 1412 2860 καὶ
1451 2803 1508 2860 οἱ
1549 2801 1910 2864 Καλλιπίδαι

297 2888 372 2947 τοὶ
394 2891 499 2964 μὲν
523 2887 680 2948 ἅλλα
705 2889 848 2949 κατοὶ
871 2887 1048 2950 ταύτὰ
1073 2888 1330 2968 Σκύθῃσι
1357 2889 1719 2959 ἐπασκέουσι,
1739 2893 1908 2952 σῖτον

301 2972 363 3031 δὲ
402 2975 495 3034 καὶ
540 2977 841 3053 σπείρουσι
886 2977 979 3036 καὶ
1020 2976 1319 3049 σιτέονται,
1360 2977 1453 3036 καὶ
1500 2976 1763 3054 κρόμμυα
1810 2977 1911 3038 καὶ

300 3057 549 3134 σκόροδα
587 3064 680 3121 καὶ
721 3064 935 3138 φακους
975 3065 1068 3123 καὶ
1109 3065 1395 3145 κέγχρους.
1476 3090 1617 3141 υπερ
1644 3065 1706 3124 δὲ
1730 3063 1908 3125 Ἀλα-

302 3137 480 3209 ζωνων
504 3148 750 3208 οἰκέουσι
776 3149 1049 3213 Σκύθαι’
1013 3155 1300 3228 αροτῆρες,
1330 3151 1385 3212 οι
1416 3150 1516 3212 οὔκ
1548 3153 1643 3212 ἐπὶ
1674 3152 1911 3229 σιτήσει
1975 3215 1989 3222 ,

302 3228 617 3301 σπείρουσι·
636 3232 737 3291 τόν
775 3239 937 3294 σῖτον
976 3235 1108 3294 ἀλλ’
1149 3239 1242 3296 ἐπὶ
1280 3238 1511 3314 πρήσει.
1591 3239 1802 3301 τούτων
1840 3240 1912 3301 δὲ
