2184 3517
208 115 512 183 ιιι-113]
916 119 1141 170 mm.
1761 120 1822 173 5⁷

201 195 428 279 πάγου·
477 198 570 257 καὶ
608 196 852 276 πρόκατε
898 197 967 275 δὴ
1008 198 1128 259 κατ’
1166 195 1297 259 ὄδδν
1338 197 1690 276 πυνθάνομαι
1725 198 1826 261 τᾶν

203 284 406 346 πάντα
447 284 623 367 λόγον
667 285 1022 364 θεράποντος,
1069 286 1133 349 ὂς
1185 288 1283 363 ἐμὲ
1333 287 1677 364 προπέμπων
1724 287 1825 357 ἔξω

203 372 420 437 πόλιος
457 374 757 452 ἐνεχείρισε
791 373 857 434 τὰ
893 375 1132 452 βρέφος·
1175 373 1246 438 ὦς
1281 373 1391 452 ἄρα
1428 373 1728 450 Μανδάνης
1759 399 1823 434 τε

207 460 299 535 εἵη
320 464 458 524 παῖς
481 466 581 537 τῆς
603 459 928 543 Ἀστυοῖγεω
949 460 1238 542 θυγατρός,
1262 462 1353 521 καὶ
1375 462 1705 539 Καμβύσεω
1721 466 1823 523 τοῦ

206 547 430 626 Κύρου·
485 550 582 608 καί
620 574 720 626 μιν
756 547 1075 630 Ἀστυάγης
1115 552 1437 609 ἐντέλλεται
1481 548 1819 610 ἀποκτεῖναι·

205 639 311 695 νῦν
337 661 403 695 τε
430 635 525 695 ὅδε
551 635 724 696 ἐστί.”
781 634 940 714 'Apa
965 637 1025 696 δὲ
1049 640 1228 696 ταῦτα
1254 638 1411 718 ἔλεγε
1436 635 1468 697 ὅ
1498 637 1780 714 βουκόλος
1798 639 1914 698 112

207 722 306 782 καὶ
351 723 669 834 ἐκκαλύψας
703 722 1038 784 ἀπεδείκνυε·
1078 720 1119 800 ἦ
1154 724 1214 784 δὲ
1249 723 1321 787 ὥς
1356 724 1464 784 εἶδε
1496 724 1563 785 τό
1598 726 1819 786 παιδίον

203 811 365 892 μέγα
400 837 467 871 τε
506 812 599 871 καὶ
639 809 837 874 εὐειδὲς
877 812 983 883 ἐον,
1016 811 1351 890 δακρύσασα
1389 814 1482 872 καὶ
1520 815 1817 891 λαβομένη

203 923 324 959 των
354 898 637 980 γουνάτων
665 902 767 960 τοῦ
802 899 1015 978 ἀνδρὸς,
1044 901 1239 979 ἔχρῃζε
1268 900 1513 980 μηδεμιῇ
1535 903 1706 981 τέχνῃ
1732 907 1814 961 ἐκ·

208 985 400 1048 θεῖναί
427 1012 544 1064 μιν·
584 986 617 1047 ὁ
651 987 711 1047 δὲ
749 986 848 1047 οὐκ
886 988 996 1064 ἔφη
1028 988 1144 1051 οἶός
1175 1012 1240 1048 τε
1275 987 1414 1048 εἶναι
1449 987 1636 1052 ἄλλως
1673 987 1813 1050 αὐτοὶ

204 1075 441 1135 ποιέειν·
482 1075 870 1151 ἐπιφοιτήσειν
891 1101 1004 1156 γαρ
1031 1074 1420 1139 κατασκόπους
1444 1077 1507 1146 ἐξ
1525 1074 1815 1157 Αρπαγου

206 1163 615 1240 ἐποψομένους·
654 1162 1007 1223 ἀπολέεσθαί
1038 1189 1103 1224 τε
1142 1161 1383 1224 κάκιστα
1418 1161 1489 1239 ἢν
1532 1162 1615 1241 μή
1660 1169 1816 1239 σφεα

206 1250 448 1330 ποιήσῃ·
490 1250 562 1314 ὥς
602 1250 661 1310 δὲ
702 1249 801 1310 ούκ
844 1251 1025 1311 ἔπειθε
1064 1249 1175 1328 ἄρα
1213 1248 1313 1311 τᾶν
1357 1250 1545 1329 ἄνδρα,
1588 1249 1814 1328 δεύτερα

206 1339 370 1418 λέγει
387 1337 425 1413 ἡ
445 1336 585 1419 γυνὴ
606 1337 755 1397 τάδε·
785 1339 945 1397 ’(ἐπεὶ
962 1339 1148 1398 τοίνυν
1173 1336 1238 1397 ού
1257 1337 1497 1415 δύναμαί
1518 1363 1586 1398 σε
1606 1338 1814 1400 πείθειν

205 1423 290 1500 μή
315 1425 570 1496 ἐκθεῖναι,
593 1425 667 1485 σὺ
689 1425 749 1484 δὲ
775 1423 876 1485 ὧδε
896 1426 1156 1501 ποίησον,
1174 1430 1222 1484 εἷ
1242 1425 1309 1501 δὴ
1330 1424 1494 1487 πᾶσά
1512 1452 1579 1508 γε
1597 1425 1811 1508 ἀνάγκη

207 1510 460 1587 ὀφθῆναι
493 1513 821 1590 ἐκκείμενον·
860 1514 1061 1573 τέτοκα
1096 1512 1206 1594 γὰρ
1243 1513 1335 1573 καὶ
1372 1512 1520 1621 ἐγῶ,Α
1522 1514 1720 1574 τέτοκα
1751 1515 1812 1573 δὲ

206 1599 448 1665 τεθνεός·
479 1604 646 1661 τοῦτο
670 1602 775 1677 μὲν
795 1601 980 1678 φέρων
1002 1599 1223 1678 πρόθες,
1242 1600 1341 1663 τᾶν
1365 1601 1425 1661 δὲ
1448 1605 1549 1677 τῆς
1572 1600 1812 1662 ’Ao-tvo,-

207 1712 320 1767 γεω
354 1687 629 1769 θυγατρὸς
658 1688 832 1748 παῖδα
871 1687 943 1752 ὥς
983 1689 1046 1758 ἐξ
1079 1686 1268 1764 ἦμέων
1302 1687 1463 1749 ἐόντα
1499 1689 1808 1766 τρέφωμεν·

211 1776 303 1834 καὶ
339 1775 482 1836 οὕτω
522 1775 648 1837 οὔτε
687 1802 761 1836 συ
796 1774 1049 1836 αλῶσεαι
1080 1775 1311 1836 ἀδικέων
1346 1801 1478 1840 τους
1515 1775 1807 1847 δεσπότας,

211 1861 337 1924 οὔτε
361 1863 500 1941 ἡμῖν
525 1866 702 1927 κακῶς
729 1863 1214 1941 βεβουλευμένα”
1185 1889 1362 1924 εσται·
1403 1862 1437 1923 ὅ
1464 1890 1528 1925 τε
1551 1891 1662 1945 γαρ
1687 1865 1809 1926 τεθ-

209 1951 341 2015 νειός
378 1952 693 2028 βασιληίης
728 1954 916 2027 ταφῆς
954 1950 1203 2029 κυρήσει,
1237 1953 1346 2016 καὶ,
1369 1950 1402 2012 ὁ
1440 1951 1672 2030 περιεῶν
1707 1952 1806 2012 οὐκ

210 2037 442 2099 ἀπολέει
466 2038 570 2117 τὴν
596 2038 830 2118 ψυχήν.”
898 2038 1098 2116 Κάρτα
1128 2064 1191 2100 τε
1223 2040 1376 2109 ἔδοξε
1402 2043 1481 2118 τῷ
1502 2039 1766 2120 βουκόλῳ
1788 2043 1901 2101 113

210 2126 346 2203 πρὸς
370 2127 444 2188 τοὶ
466 2126 744 2205 παρεόντα
773 2125 831 2186 εὖ
850 2127 1037 2208 λέγειν
1052 2126 1091 2202 ἦ
1108 2125 1267 2208 γυνὴ,
1288 2128 1381 2186 καὶ
1406 2127 1602 2187 αὐτίκα
1627 2129 1806 2188 ἐποίεε

209 2218 402 2274 ταῦτα.
483 2214 582 2276 τᾶν
609 2216 714 2292 μὲν
739 2215 903 2291 ἔφερε
929 2213 1263 2274 θανατώσων
1285 2215 1460 2274 παῖδα
1482 2220 1681 2275 τοῦτον
1702 2218 1809 2293 μὲν

210 2303 503 2380 παραδιδοῖ
536 2305 610 2381 τῇ
651 2306 850 2362 ἑωυτοῦ
888 2302 1125 2383 γυναικὶ,
1164 2301 1264 2361 τόν
1304 2302 1364 2361 δὲ
1403 2304 1604 2362 ἑωυτοῦ
1644 2303 1805 2363 ἐόντα

210 2390 400 2469 νεκρόν
437 2391 638 2468 λαβών
679 2391 839 2467 ἔθηκε
879 2394 935 2452 ἐς
972 2388 1039 2450 τὸ
1079 2388 1254 2471 ἄγγος
1293 2394 1352 2448 ἐν
1388 2393 1466 2468 τῷ
1503 2390 1666 2468 ἔφερε
1703 2391 1804 2452 τόν

212 2479 411 2556 ἕτερον·
453 2477 751 2556 κοσμήσας
790 2478 850 2537 δὲ
892 2482 970 2557 τῷ
1015 2476 1212 2556 κόσμῳ
1255 2476 1424 2537 παντὶ
1466 2481 1567 2537 τοῦ
1613 2478 1802 2555 ἐτέρου

210 2566 416 2639 παιδδς,
452 2566 638 2643 φέρων
676 2571 732 2629 ἐς
764 2566 831 2626 τὸ
873 2564 1216 2643 ἐρημότατον
1249 2569 1360 2625 τῶν
1400 2563 1603 2643 οὐρέων
1638 2566 1800 2627 τιθεῖ.

213 2652 277 2717 ὦς
311 2654 371 2713 δὲ
402 2655 564 2731 τρίτη
587 2653 768 2731 ἡμέρη
798 2656 876 2733 τῷ
905 2653 1105 2731 παιδίῳ
1140 2653 1427 2733 ἐκκειμένῳ
1456 2654 1688 2736 ἐγένετο,
1713 2652 1801 2731 ἤϊε

213 2746 263 2804 ἐς
289 2741 461 2802 πόλιν
492 2741 524 2802 ὁ
560 2742 844 2818 βουκόλος
872 2744 984 2800 τῶν
1014 2767 1143 2801 τινα
1176 2741 1518 2819 προβόσκων
1544 2742 1800 2819 φύλακον

212 2829 374 2891 αὐτοῦ
413 2828 751 2901 καταλιπων,
790 2828 970 2890 ε’λθῶν
1008 2829 1069 2889 δὲ
1108 2834 1164 2893 ἐς
1200 2834 1301 2889 τοῦ
1336 2829 1625 2912 Ἀρπάγου
1662 2830 1799 2891 ἀπο-

213 2917 474 2978 δεικνύναι
514 2918 624 2994 ἔφη
661 2920 881 2994 ἑτοῖμος
916 2916 1056 2978 εἶναι
1091 2921 1195 2977 τοῦ
1227 2918 1449 2977 παιδίου
1486 2917 1586 2978 τόν
1620 2918 1798 2979 νέκυν·

211 3007 429 3085 πέμψας
461 3005 523 3065 δὲ
554 3005 586 3066 ὁ
614 3004 906 3086 Ἀρπαγος
936 3008 1049 3066 τῶν
1081 3008 1282 3065 ἑωυτοῦ
1317 3003 1638 3083 δορυφόρων
1669 3004 1800 3069 τούς

213 3093 590 3164 πιστοτάτους,
620 3093 730 3152 εἶδέ
757 3118 821 3153 τε
852 3092 943 3152 διὰ
971 3090 1181 3152 τούτων
1213 3093 1305 3151 καὶ
1337 3093 1508 3170 ἔθαψε
1534 3097 1634 3152 τοῦ
1659 3094 1797 3169 βου-

216 3182 374 3242 κόλου
425 3180 494 3241 τό
546 3181 785 3241 παιδίον·
841 3181 933 3239 καὶ
981 3179 1047 3238 τό
1094 3181 1199 3255 μὲν
1251 3180 1537 3239 ἐτέθαπτο·
1588 3180 1687 3240 τδν
1738 3181 1799 3240 δὲ

215 3267 439 3392 ὕστερέν
474 3268 683 3330 τούτων
723 3271 914 3345 Κῦρον
951 3266 1340 3343 ὀνομασθέντα
1376 3267 1800 3343 παραλαβοῦσα
