2184 3517
265 93 487 161 16-201
856 96 1312 149 anomnnn.
1777 95 1872 150 287

267 174 584 253 κατύπερθε
635 175 882 237 οἰκέουσι
927 177 1158 254 Νευροί.
1240 178 1471 252 Νευρῶν
1516 173 1579 235 δὲ
1622 174 1690 236 τὰ
1732 174 1875 253 πρὸς

262 263 455 340 βορῆν
486 261 694 341 ἄνεμον
730 266 937 342 ε’ρῆμος
971 262 1290 342 ἀνθρώπων,
1323 260 1466 323 ὅσον
1500 261 1662 339 ἡμεῖς
1695 263 1872 340 ἴδμεν.

262 354 445 410 ταῦτα
482 352 589 428 μὲν
628 350 784 429 παρὰ
826 351 928 412 τόν
956 350 1198 411 ’Υπανιν
1235 349 1493 426 ποταμόν
1532 354 1657 410 ἐστι
1697 351 1871 423 ἔθνεα,

263 437 410 515 πρὸς
462 440 704 516 ἑσπέρης
753 442 856 499 τοῦ
907 438 1306 516 Βορυσθένεοζς.
1386 436 1560 515 Ἀτοῖρ
1614 437 1873 514 διαβάντι
1892 441 1967 502 18

261 523 367 585 τόν
430 526 803 603 Βορυσθένεα,
856 523 970 586 οἷπό
1037 524 1340 601 θαλάσσης
1399 529 1620 602 πρῶτον
1674 528 1780 602 μὲν
1829 525 1870 603 ἤ

260 610 491 689 Ὑλαίη·
548 612 662 674 α’πό
701 614 761 672 δὲ
794 612 998 690 ταύτης
1031 612 1144 673 ἅνω
1178 614 1425 674 οἰκέουσι
1464 612 1687 678 Σκύθαι
1703 639 1872 694 γεωρ·

259 700 379 781 γοὶ,
433 699 563 764 τούς
612 701 892 777 Ἕλληνες
950 703 1006 760 οἶ
1062 701 1334 778 οἰκέοντες
1391 700 1485 761 ἐπὶ
1540 704 1618 780 τῷ
1672 699 1872 763 Ὑπάνι

259 792 502 866 ποταμῷ
542 789 812 848 καλέουσι
851 788 1308 865 Βορυσθενεΐτας,
1349 789 1534 864 σφέας
1573 789 1635 848 δὲ
1675 788 1874 855 αύτούς

259 873 737 951 Ὀλβιοπολίτας·
766 873 920 936 οὗτοι
940 874 1015 936 ῶν
1036 879 1090 935 οἶ
1108 877 1347 958 γεωργοὶ
1366 876 1579 941 Σκύθαι
1595 877 1870 954 νέμονται,

256 962 335 1022 τὰ
366 966 470 1040 μὲν
507 961 651 1041 πρὸς
688 963 793 1040 τήν
827 962 916 1039 ἠῶ
958 963 1050 1023 ἐπὶ
1089 967 1236 1040 τρεῖς
1275 962 1489 1041 ἡμέρας
1526 962 1677 1035 ὁδοῦ,
1706 965 1872 1042 κατή-

258 1075 459 1114 κοντες
503 1051 595 1112 ε’πὶ
630 1051 887 1128 ποταμὸν
915 1055 994 1130 τῶ
1034 1047 1249 1128 οὕνομα
1281 1054 1458 1111 κεῖται
1490 1051 1868 1128 Παντικάπης,

255 1137 338 1198 τό
375 1138 435 1197 δὲ
473 1138 614 1216 πρὸς
646 1141 833 1217 βορῆν
868 1139 1089 1217 ἄνεμον,
1116 1138 1298 1200 πλόον
1329 1137 1436 1199 α’νιὶ
1464 1137 1565 1199 τόν
1589 1140 1872 1216 Βορυσθέ-

257 1250 371 1287 νεα
392 1225 638 1304 ἡμερέων
665 1227 876 1287 ἕνδεκα·
915 1226 954 1304 ἤ
990 1227 1050 1286 δὲ
1086 1225 1396 1304 κατύπερθε
1429 1225 1640 1288 τούτων
1670 1227 1875 1304 ε’ρῆμός

258 1317 400 1373 ἐστι
434 1314 525 1373 ε’πὶ
563 1313 803 1375 πολλόν·
842 1314 988 1392 μετὰ
1018 1313 1081 1374 δὲ
1114 1313 1219 1391 τήν
1259 1317 1466 1392 ε’ρῆμον
1494 1312 1873 1395 Ἀνδροφάγοι

258 1402 535 1473 οἰκέουσι,
566 1403 722 1467 ἔθνος
756 1403 850 1464 ε’ὂν
881 1403 1022 1466 ἴδιον,
1054 1404 1149 1462 καὶ
1178 1400 1431 1477 οὐδαμῶς
1471 1400 1762 1466 Σκυθικόν·
1800 1402 1870 1464 τὰ

258 1488 334 1549 δὲ
356 1488 562 1551 τούτων
590 1491 897 1569 κατύπερθε
929 1495 1135 1570 ε’ρῆμος
1162 1490 1271 1567 ἤδη
1303 1489 1570 1567 ἀληθέως,
1598 1490 1691 1549 καὶ
1719 1490 1873 1555 ἔθνος

257 1576 573 1655 ἀνθρώπων
597 1579 772 1653 οὐδὲν,
801 1579 943 1641 ὅσον
967 1580 1132 1657 η’μεῖς
1150 1579 1333 1656 ἰ’δμεν.
1414 1578 1494 1639 Τό
1521 1578 1582 1636 δὲ
1605 1576 1748 1656 πρὸς
1769 1578 1874 1654 τήν
1891 1580 1964 1640 19

254 1664 357 1743 ἠῶ
387 1671 644 1750 γεωργῶν
675 1667 886 1728 τούτων
927 1667 1200 1737 Σκυθέων,
1233 1665 1495 1742 διαβάντι
1528 1665 1629 1727 τὸν
1665 1671 1872 1727 Παντι-

258 1752 457 1831 κάπην
480 1753 752 1833 ποταμὸν,
781 1753 1045 1833 Νομάδες
1070 1754 1179 1831 ἤδη
1208 1754 1418 1820 Σκύθαι
1443 1754 1716 1832 νέμονται,
1745 1751 1873 1814 οὔτε

254 1866 328 1903 τι
366 1843 689 1920 σπείροντες
729 1842 904 1914 οὐδὲν,
947 1841 1076 1903 οὔτε
1128 1842 1407 1920 οἷροΰντες·
1449 1841 1618 1923 (ψιλή
1657 1841 1718 1902 δὲ
1756 1841 1873 1903 δεν-

259 1929 443 2007 δρέων
487 1935 647 1992 πᾶσα
694 1930 835 2009 αὕτη
874 1935 969 2012 γῆ,
1016 1930 1173 2008 πλὴν
1216 1934 1318 2007 τῆς
1358 1929 1634 2010 Ὑλαίης.)
1715 1933 1770 1990 οἶ
1812 1930 1873 1990 δὲ
1928 1931 1933 1936 ’

258 2017 535 2095 Νομάδες
569 2016 725 2079 οὗτοι
748 2018 815 2080 τὸ
847 2018 990 2097 πρός
1027 2018 1134 2096 τῆν
1172 2018 1273 2096 ἠῶ,
1303 2017 1553 2096 ἡμερέων
1589 2018 1875 2096 τεσσέρων

258 2106 366 2166 καὶ
417 2107 549 2166 δέκα
588 2107 738 2178 ὄδὸν,
779 2108 1041 2184 νέμονται
1078 2106 1268 2187 χώρην
1308 2105 1742 2166 κατατείνουσαν
1782 2107 1874 2166 ἐπὶ

255 2195 528 2271 ποταμόν
566 2196 794 2273 Γέρρον.
875 2195 1070 2271 Πέρην
1111 2194 1171 2254 δὲ
1209 2197 1312 2254 τοῦ
1353 2194 1564 2269 Γέρρου
1602 2197 1780 2253 ταῦτα
1805 2194 1873 2270 δή
1891 2198 1973 2256 20

252 2282 343 2344 τὰ
369 2282 681 2361 καλεύμενα
707 2281 998 2358 Βασιλήῖά
1035 2287 1179 2351 ἔστι,
1205 2280 1299 2339 καὶ
1325 2279 1539 2344 Σκύθαι
1572 2281 1627 2338 οἱ
1652 2279 1881 2356 ἄριστοί

254 2395 334 2432 τε
358 2371 451 2430 καὶ
474 2375 755 2445 πλεῖστοι,
784 2370 877 2430 καὶ
909 2370 1042 2434 τούς
1072 2368 1286 2431 ἄλλους
1316 2366 1631 2444 νομίζοντες
1656 2366 1877 2433 Σκύθας

258 2458 505 2524 δούλους
550 2460 859 2537 σφετέρους
903 2458 1063 2520 εἶναι·
1133 2455 1442 2531 κατήκουσι
1488 2454 1549 2514 δὲ
1593 2452 1763 2526 οὗτοι,
1808 2456 1876 2516 τὰ

261 2549 378 2625 μὲν
409 2548 552 2625 πρός
585 2547 958 2625 μεσαμβρίην
991 2551 1049 2609 ἔς
1081 2544 1187 2622 τήν
1221 2542 1519 2621 Ταυρικήν,
1543 2542 1613 2603 τὸ
1648 2541 1709 2602 δὲ
1737 2543 1879 2620 πρὸς

260 2634 354 2710 ἠῶ
389 2635 485 2695 ἐπί
515 2660 579 2695 τε
609 2634 848 2712 τάφρον,
880 2633 987 2710 τήν
1025 2632 1096 2710 δὴ
1133 2636 1189 2693 οἱ
1219 2637 1281 2692 ἐκ
1311 2635 1423 2693 τῶν
1455 2633 1689 2707 τυφλῶν
1720 2629 1876 2711 γενό-

260 2746 429 2798 μενοι
461 2719 687 2798 ὤρυξαν,
715 2722 809 2781 καὶ
844 2721 937 2781 ἐπὶ
967 2724 1070 2797 τῆς
1105 2721 1310 2798 λίμνης
1336 2723 1440 2796 τῆς
1469 2718 1781 2795 Μαιήτιδος
1808 2717 1876 2779 τό

261 2807 538 2885 ἐμπόριον
566 2808 636 2869 τὰ
677 2808 939 2869 καλέεται
969 2808 1248 2886 Κρημνοί·
1288 2806 1363 2868 ταῖ
1399 2807 1461 2868 δὲ
1493 2807 1674 2867 αὐτῶν
1713 2806 1878 2882 κατή-

259 2920 434 2957 κουσι
458 2896 552 2956 ἐπὶ
585 2896 843 2975 ποταμὸν
876 2894 1106 2957 Τάναϊν.
1186 2895 1260 2957 τοὶ
1296 2895 1356 2954 δὲ
1389 2895 1697 2972 κατύπερθε
1735 2892 1877 2971 πρὸς

257 2984 454 3064 βορῆν
504 2983 712 3063 ἄνεμον
764 2988 876 3045 τῶν
935 2983 1262 3059 βασιληίων
1319 2983 1577 3046 Σκυθέων
1630 2982 1876 3042 οἰκέουσι

259 3071 717 3156 Μελάγχλαινοι,
742 3070 894 3133 ἄλλο
920 3072 1076 3134 ἔθνος
1103 3071 1196 3129 καὶ
1222 3067 1288 3129 ού
1309 3069 1601 3134 Σκυθικόν·
1643 3072 1877 3148 Μελαγ·

255 3161 513 3243 χλαίνων
558 3161 620 3222 δὲ
656 3159 724 3223 τᾶ
766 3157 1090 3234 κατύπερθε,
1134 3157 1331 3233 λίμναι
1372 3156 1466 3217 καὶ
1506 3155 1709 3235 ε’ρῆμός
1747 3159 1873 3216 ἐστι

256 3248 588 3322 ‹bopo-{arm
617 3247 863 3310 κατόσον
885 3244 1045 3318 ἡμεῖς
1070 3243 1247 3317 ἴδμεν.
1764 3284 1773 3294 -
