2184 3517
329 72 428 121 304
893 120 898 124 ,
944 70 1312 122 mmmmm
1807 70 1950 136 nv,

328 148 529 212 θυσίας
564 150 839 214 ἐπετείους
868 149 1230 231 προσάγουσι
1266 148 1572 226 προβάτων
1607 151 1702 209 καὶ
1734 150 1956 224 ἵππων,

329 237 423 295 καὶ
456 236 524 312 δὴ
558 238 652 296 καὶ
689 237 867 298 τοῖσδ’
896 240 977 297 ἔτι
1016 240 1172 297 πλέω
1213 237 1415 297 θύουσι
1434 236 1479 314 ἢ
1505 240 1658 297 τοῖσι
1700 236 1957 298 ἄλλοισι

329 324 529 384 θεοῖσι·
570 324 739 389 ὅσους
777 325 821 384 δ’
855 323 923 386 ἂν
953 330 1064 386 τῶν
1096 325 1386 402 πολεμίων
1427 324 1778 406 ζωγρήσωσι,
1818 324 1948 386 άπὸ

328 416 439 472 τῶν
478 412 674 473 ἐκατόν
713 412 925 490 ἀνδρῶν
956 413 1131 490 ἄνδρα
1163 413 1258 472 ἕνα
1296 411 1513 481 θύουσι,
1539 438 1730 493 τροπῳ
1757 411 1825 472 οὗ
1860 418 1956 493 τῷ

330 499 476 579 αὐτῷ
514 498 559 578 ᾧ
598 501 691 559 καὶ
728 500 800 560 τοὶ
840 500 1123 578 πρόβατα,
1166 499 1299 559 ἀλλ’
1342 500 1597 578 ἐτεροίῳὴ
1623 499 1760 560 ἐπειῗ
1764 525 1796 559 ν
1824 500 1951 581 γὰρ

333 586 483 648 οἶνον
526 588 904 648 ἐπισπείσωσι
950 588 1091 649 κατσῖ
1143 592 1255 648 τῶν
1308 588 1616 662 κεφαλέων,
1636 660 1639 663 ¹
1662 586 1948 664 ἀποσφά-

330 675 491 744 ζουσι
528 674 659 738 τούς
697 674 1019 753 ἀνθρώπους
1060 681 1116 739 ἐς
1156 673 1345 756 ἄγγος,
1373 675 1466 734 καὶ
1506 670 1696 735 ἔπειτα
1732 673 1948 735 ἀνενεί-

332 787 525 826 καντες
548 761 659 821 ἄνω
686 763 779 822 ἐπὶ
803 763 903 823 τὸν
927 762 1099 845 ὄγκον
1127 767 1237 824 τῶν
1270 761 1567 844 φρυγάνων
1595 763 1946 842 καταχέουσι

329 849 396 909 τό
424 849 563 927 αἷμα.
587 854 690 910 τοῦ
716 849 1020 917 οἷκινάκεος·
1060 849 1172 912 ἅνω
1196 852 1301 928 μὲν
1328 851 1399 926 δή
1439 851 1714 928 φορέουσι
1744 855 1944 911 τοῦτο·

331 936 478 998 κάτω
516 938 578 997 δὲ
607 938 761 1016 παρὰ
794 939 860 1000 τὸ
904 938 1026 1016 ῖρὸν
1064 943 1289 999 ποιεῦσι
1325 938 1477 998 τάδε·
1518 941 1628 998 τῶν
1667 937 1945 1014 οἷποσφα-

330 1027 535 1107 γέντων
565 1026 776 1103 ἀνδρῶν
805 1027 934 1090 τούς
974 1026 1186 1097 δεξιοῦς
1226 1025 1408 1102 ὤμους
1443 1025 1657 1109 πάντας
1682 1025 1944 1103 ἀποτάμ-

332 1140 519 1178 νοντες
544 1115 651 1175 σῦν
676 1118 813 1193 τῇσι
843 1114 1011 1193 χερσὶ
1046 1119 1104 1178 ἐς
1137 1113 1238 1175 τόν
1268 1113 1409 1190 ἠέρα
1441 1117 1590 1184 ἱεῖσι,
1618 1114 1711 1173 καὶ
1741 1114 1942 1175 ἔπειτα

333 1203 427 1261 καὶ
450 1202 523 1263 τοὶ
550 1201 704 1262 ἅλλα
730 1200 1065 1280 ἀπέρξαντες
1091 1201 1244 1279 ἶρήῖα
1269 1201 1765 1262 ἀπαλλάσσονται·
1806 1203 1939 1281 χεὶρ

237 1290 314 1350 63
332 1289 392 1348 δὲ
428 1294 501 1369 τῇ
543 1288 612 1350 ἂν
650 1289 802 1369 πέσῃ
844 1289 1039 1361 κέεται,
1068 1290 1162 1349 καὶ
1199 1289 1367 1368 χωρὶς
1402 1290 1437 1349 ὁ
1477 1289 1684 1367 νεκρός·
1723 1291 1940 1350 Θυσίαι

329 1378 435 1455 μέν
468 1403 565 1438 νυν
601 1375 770 1438 αὗταί
806 1383 921 1453 σφι
961 1378 1313 1447 κατεστέασι,
1340 1376 1440 1436 ὗσὶ
1480 1377 1540 1436 δὲ
1557 1438 1563 1443 ,
1580 1374 1734 1437 οὗτοι
1774 1377 1938 1438 οὐδὲν

331 1466 640 1540 νομίζουσι·
710 1464 837 1526 οὐδὲ
880 1466 1108 1544 τρέφειν
1155 1457 1228 1526 ἐνΙ
1251 1468 1324 1545 τῇ
1363 1463 1519 1545 χώρῃ
1556 1464 1624 1526 τὸ
1663 1463 1937 1542 παράπαν

333 1551 585 1612 θέλουσι.

238 1640 316 1700 64
412 1639 498 1699 Τὰ
550 1639 597 1699 δ’
651 1645 708 1704 ἐς
755 1642 1011 1720 πόλεμον
1064 1646 1266 1723 ἔχοντα
1315 1640 1423 1702 ὧδέ
1471 1648 1586 1718 σφι
1637 1641 1934 1702 διακέεται·

334 1727 499 1789 ἐπεοὶν
543 1728 645 1789 τᾶν
692 1734 915 1807 πρῶτον
954 1729 1129 1809 ἄνδρα
1167 1730 1469 1814 καταβάλῃ
1511 1729 1652 1808 ἀνὴρ
1693 1729 1933 1807 Σκύθης,

331 1820 435 1877 τοῦ
474 1816 707 1893 αἵματος
759 1819 992 1893 ἐμπίνει·
1061 1818 1231 1883 ὅσους
1271 1817 1318 1878 δ’
1359 1816 1428 1878 ἂν
1468 1817 1722 1897 φονεύσῃ
1762 1823 1822 1878 ἐν
1857 1823 1936 1897 τῇ

330 1902 505 1982 μάχῃ,
545 1904 753 1966 τούτων
802 1905 905 1971 τοῖς
945 1906 1198 1983 κεφαλοῖς
1239 1905 1516 1985 οἷποφέρει
1552 1911 1631 1966 τῶ
1668 1907 1934 1983 βασιλέϊ·

330 1990 620 2055 α’πενείκας
641 1995 746 2069 μὲν
769 1993 879 2074 γοῖρ
908 1994 1165 2072 κεφαλην
1188 1998 1292 2071 τῆς
1316 1994 1481 2071 ληΐης
1504 1994 1936 2071 μεταλαμβάνει

330 2079 435 2157 τήν
460 2077 528 2140 ἂν
553 2079 799 2158 λάβωσι,
819 2082 900 2159 μή
930 2082 1136 2146 ἐνείκας
1161 2083 1222 2142 δὲ
1247 2108 1332 2142 ου·
1365 2081 1646 2161 ἀποδείρει
1672 2082 1733 2142 δὲ
1759 2082 1935 2159 αὐτὴν

329 2168 519 2248 τρόπω
554 2170 764 2249 τοιῶδε·
803 2169 1122 2248 περιταμῶν
1161 2169 1347 2250 κύκλῳ
1386 2171 1516 2248 περὶ
1554 2170 1627 2230 τοὶ
1667 2169 1796 2242 ὦτα,
1839 2172 1935 2231 καὶ

332 2256 656 2336 λαβόμενος
689 2262 791 2336 τῆς
827 2262 1081 2343 κεφαλῆς
1113 2258 1332 2318 ἐκσείει·
1373 2258 1516 2336 μετὰ
1549 2258 1626 2330 δὲ,
1654 2258 1934 2335 σαρκίσας

333 2345 476 2422 βοός
514 2350 732 2426 πλευρῇ
772 2347 927 2425 δέψει
964 2350 1102 2426 τῇσι
1139 2346 1326 2426 χερσί·
1403 2345 1656 2428 ὄργήσας
1696 2347 1757 2406 δὲ
1794 2346 1932 2408 αὐτὰ

332 2433 431 2493 ἅτε
469 2435 872 2514 χειρόμακτρον
913 2436 1153 2510 ἔκτηται·
1194 2439 1256 2493 ἐκ
1297 2434 1358 2493 δὲ
1394 2438 1506 2495 τῶν
1543 2438 1794 2514 χαλινῶν
1828 2440 1932 2496 τοῦ

334 2522 507 2582 ἵππου
558 2523 658 2584 τόν
708 2522 872 2587 αὐτὸς
910 2522 1145 2595 ἐλαύνει,
1200 2528 1262 2582 ἐκ
1312 2522 1515 2583 τούτου
1556 2522 1796 2594 ἐξάπτει,
1839 2525 1932 2584 καὶ

330 2609 660 2690 ἀγάλλεται·
689 2611 750 2673 ὃς
773 2611 886 2691 γοῖρ
913 2609 982 2671 ἂν
1005 2615 1254 2672 πλεῖστα
1280 2611 1527 2690 δέρματα
1551 2611 1931 2690 χειρόμακτρα

331 2698 449 2775 ἔχῃ,
484 2695 625 2774 ἀνὴρ
661 2698 890 2774 ἄριστος
921 2696 1083 2763 οὗτος
1115 2701 1377 2777 κέκριται·
1416 2700 1634 2760 πολλοὶ
1665 2700 1725 2759 δὲ
1751 2699 1930 2761 αὐτῶν

331 2789 393 2846 ἐκ
416 2788 525 2845 τῶν
544 2785 939 2863 ἀποδερμάτων
965 2789 1057 2846 καὶ
1082 2790 1321 2867 χλαίνας
1342 2789 1665 2849 ἐπείνυσθαι
1685 2791 1927 2859 ποιεῦσι,

329 2872 741 2951 συρράπτοντες
783 2873 1026 2951 κατάπερ
1066 2876 1291 2952 βαίτας·
1356 2876 1569 2935 πολλοὶ
1612 2875 1674 2934 δὲ
1719 2875 1929 2954 α’νδρῶν

331 2960 544 3036 ἐχθρῶν
568 2959 668 3021 τοὶς
695 2958 876 3029 δεξιοῖς
897 2963 1070 3039 χέρας
1092 2967 1298 3039 νεκρῶν
1320 2956 1516 3023 ἐόντων
1542 2962 1928 3041 ἀποδείραντες

330 3044 551 3103 αὐτοῖσι
587 3044 752 3116 ὄνυξι,
782 3046 1102 3123 καλύπτρας
1131 3053 1242 3109 τῶν
1276 3051 1596 3128 φαρετρέων
1625 3054 1925 3112 ποιεῦνται·

330 3129 507 3206 δέρμα
537 3129 598 3188 δὲ
637 3130 930 3209 ἀνθρώπου
971 3132 1063 3190 καὶ
1106 3162 1256 3215 παχυ
1299 3140 1392 3197 καὶ
1431 3138 1761 3216 λαμπρον’
1724 3164 1796 3216 ην
1819 3137 1927 3217 ἄρα

329 3213 537 3291 σχεδόν
591 3216 871 3294 δερμάτων
912 3217 1130 3280 πάντων
1169 3225 1573 3344 λαμπρότατον
1613 3226 1925 3303 λευκότήτι·
