2184 3517
188 80 474 146 163—167]
849 81 1178 130 ΕΤΤΕΡΠΗ.
1704 83 1796 132 191

181 164 383 229 πτίους
432 160 604 244 ᾖσαν,
659 160 753 222 καὶ
798 163 853 221 οἶ
902 161 1031 238 περὶ
1072 160 1177 221 τᾶν
1219 158 1475 237 Ἀμασιν
1528 159 1622 221 ε’πὶ
1670 160 1800 226 τούς

185 253 414 324 ξείνους.
495 251 558 311 ἔν
593 274 658 310 τε
688 248 758 324 δή
799 248 1097 325 Μωμέμφι
1135 247 1276 308 πόλι
1317 248 1572 328 ἐγένοντο
1612 247 1800 326 ἀμφό-

180 365 336 418 τεροι
362 339 456 398 καὶ
480 336 858 414 πειρήσεσθαι
885 336 1128 413 ἔμελλον
1152 333 1444 410 ἀλλήλων.

252 427 430 488 Ἔστι
450 427 510 485 δὲ
530 424 850 505 Αἰγυπτίων
871 422 1012 483 ἔπτά
1031 424 1214 504 γένεα·
1244 422 1337 481 καὶ
1355 421 1565 483 τούτων
1585 425 1639 483 οἰ
1653 424 1756 500 μὲν
1775 425 1891 485 164

181 515 338 593 ἶρέες,
366 517 422 574 οἱ
451 513 513 573 δὲ
536 512 779 592 μάχιμοι
805 510 1116 581 κεκλέαται,
1144 512 1198 570 οἱ
1234 509 1294 570 δὲ
1327 509 1624 586 βουκόλοι,
1654 512 1708 570 οἱ
1735 510 1795 571 δὲ

181 604 463 680 συβῶται,
481 604 537 662 οἱ
562 600 623 659 δὲ
645 598 907 676 κάπηλοι,
925 601 980 659 οἰ
1000 598 1060 659 δὲ
1077 599 1350 675 ἑρμηνέες,
1373 598 1507 659 οἶδὲ
1527 600 1795 676 κυβερνῆ-

177 715 294 750 ται.
337 689 504 771 γένεα
520 689 627 765 μὲν
647 688 965 770 Αἰγυπτίων
989 684 1244 747 τοσαῦτά
1269 690 1410 757 ε’στι,
1432 685 1714 762 οὐνόματα
1734 686 1798 747 δέ

179 783 297 854 σφι
336 777 520 839 κέεται
546 775 659 836 ‹in-<3
685 779 795 835 τῶν
820 774 1077 854 τεχνέων.
1160 776 1215 833 οἱ
1243 772 1303 833 δὲ
1336 772 1579 853 μάχιμοι
1614 772 1795 835 αὐτῶν

180 865 479 925 καλέονται
515 865 621 942 μὲν
661 861 1013 940 Καλασίριές
1050 887 1115 922 τε
1155 861 1250 921 καὶ
1300 860 1689 939 Ἑρμοτύβιες,
1731 866 1793 922 ἐκ

178 955 365 1028 νομῶν
391 951 451 1012 δὲ
483 951 658 1012 τῶνδε
684 950 815 1011 εἰσί·
861 949 1003 1011 κατά
1036 949 1149 1031 γὰρ
1182 948 1250 1026 δὴ
1276 948 1483 1026 νομοῦς
1507 948 1793 1029 Αἴγυπτος

177 1037 382 1100 ἅπασα
420 1039 788 1116 διαραίρηται.
867 1037 1257 1115 Ἑρμοτυβίων
1298 1038 1404 1113 μὲν
1463 1036 1579 1096 οἵδε
1638 1037 1748 1095 εἰσὶ
1769 1038 1885 1098 165

175 1128 364 1204 νομοί·
405 1128 761 1205 Βουσιρίτης,
800 1126 1021 1202 Σαΐτης,
1049 1125 1361 1203 Χεμμίτης,
1394 1125 1788 1201 Παπρημίτης,

173 1219 357 1291 νῆσος
380 1215 419 1291 ἤ
435 1218 803 1294 Προσωπῖτις
828 1213 1159 1290 καλεομένη,
1174 1211 1352 1272 Ναθῶ
1376 1212 1444 1273 τό
1469 1211 1667 1288 ἥμισυ.
1728 1217 1791 1273 ε’κ

170 1303 285 1379 μὲν
306 1303 514 1364 τούτων
541 1307 653 1364 τῶν
688 1305 871 1380 νομῶν
903 1300 1277 1379 Ἑρμοτύβιες
1312 1300 1440 1371 εἰσί,
1480 1298 1788 1381 γενόμενοι,

173 1390 277 1452 ὅτε
304 1391 397 1451 ἐπὶ
421 1392 727 1455 πλείστους
751 1389 1026 1472 γενοίατο,
1056 1387 1344 1448 ἑκκαίδεκα
1368 1386 1649 1466 μυριάδες·
1696 1388 1790 1448 καὶ

172 1477 388 1541 τούτων
424 1480 741 1557 βαναυσίης
784 1476 960 1541 οὐδεὶς
1006 1474 1239 1552 δεδάηκε
1283 1474 1456 1545 οὐδὲν,
1498 1474 1630 1535 ἀλλ’
1666 1474 1788 1538 ἀνέ·

174 1590 336 1628 ονται
376 1572 432 1632 ἐς
468 1567 534 1630 τὰ
574 1565 845 1646 μάχιμον.
929 1564 1297 1641 Καλασιρίων
1328 1563 1389 1623 δὲ
1424 1563 1538 1623 οἶδε
1573 1561 1746 1624 ἄλλοι
1767 1564 1882 1625 166

93 1699 102 1707 -
173 1656 348 1733 νομοί
371 1657 501 1715 εἰσι·
542 1657 815 1732 Θηβαῖος,
850 1653 1267 1730 Βουβαστίτης,
1306 1650 1597 1728 Ἀφθίτης,
1625 1653 1787 1713 Τανί-

172 1766 295 1819 της,
330 1742 667 1819 Μενδήσιος,
706 1740 1070 1819 Σεβεννύτης,
1103 1736 1449 1817 Ἀθριβίτης,
1477 1738 1786 1814 Φαρβαιθί-

170 1854 295 1906 της,
334 1831 630 1909 Θμουΐτης,
660 1828 1016 1906 Ὀνουφίτης,
1045 1828 1324 1898 Ἀνύσιος,
1366 1826 1783 1903 Μυεκφορίτης·

174 1915 343 1983 οὗτος
380 1917 414 1979 ὁ
453 1918 625 1995 νομός
663 1921 723 1977 ἐν
761 1916 917 1996 νήσῳ
956 1916 1138 1988 οἰκέει,
1192 1915 1382 1977 ἀντίον
1424 1912 1787 1992 Βουβάστιος

171 2005 395 2070 πόλιος.
477 2003 634 2065 οὗτοι
668 2005 729 2066 δὲ
760 2007 816 2064 οἱ
850 2004 1015 2081 νομοὶ
1051 2005 1422 2082 Καλασιρίων
1459 2005 1590 2064 εἰσί·
1629 2003 1784 2085 γενό-

170 2118 351 2170 μενοι,
377 2092 473 2154 ὅτε
499 2093 591 2152 ἐπὶ
625 2091 931 2157 πλείστους
968 2092 1240 2173 ε’γενέατο,
1275 2091 1440 2153 πέντε
1476 2092 1569 2151 καὶ
1607 2091 1787 2152 εἴκοσι

168 2180 436 2258 μυριάδες
475 2179 707 2259 ἀνδρῶν·
760 2178 886 2240 οὐδὲ
920 2179 1174 2240 τούτοισι
1206 2179 1392 2249 ἔξεστι
1426 2179 1628 2256 τέχνην
1654 2183 1787 2249 ἐπα--δ

170 2272 394 2344 σκῆσαι
433 2266 710 2345 οὐδεμίαν,
744 2265 903 2327 ἀλλὰ
937 2266 1012 2328 ‘ra‘
1054 2272 1111 2331 ἐς
1148 2264 1402 2344 πόλεμον
1443 2265 1787 2324 ἐπασκέουσι

167 2359 373 2434 μοῦνα,
398 2359 534 2420 παῖς
557 2355 713 2433 παρὰ
738 2353 954 2432 πατρός
980 2352 1352 2431 ἐκδεκόμενος.
1420 2356 1494 2413 Εἰ
1518 2351 1623 2429 μέν
1649 2376 1746 2411 νυν
1765 2353 1878 2412 167

170 2443 272 2503 καὶ
294 2447 462 2506 τοῦτο
497 2440 629 2522 παρ’
655 2442 973 2525 Αἰγυπτίων
1006 2440 1371 2520 μεμαθήκασι
1402 2443 1457 2501 οἱ
1489 2439 1785 2516 Ἕλληνες,

170 2530 279 2591 οὐκ
330 2533 440 2611 ἔχω
480 2530 750 2609 ἀτρεκέως
791 2534 989 2609 κρῖναι,
1043 2528 1218 2607 ὁρέων
1267 2528 1360 2588 καὶ
1401 2527 1648 2607 Θρήϊκας
1692 2526 1785 2587 καὶ

169 2617 398 2685 Σκύθας
430 2620 523 2680 καὶ
555 2619 791 2697 Πέρσας
823 2618 917 2678 καὶ
951 2616 1186 2687 Δυδούς,
1215 2615 1308 2675 καὶ
1341 2615 1550 2696 σχεδόν
1574 2614 1787 2682 πάντας

165 2705 305 2771 τούς
355 2706 709 2786 βαρβάρους,
763 2704 1201 2784 ἀποτιμοτέρους
1250 2706 1361 2764 τῶν
1413 2701 1605 2764 ἄλλων
1649 2701 1787 2785 ἦγη·

164 2795 376 2873 μένους
400 2795 714 2872 πολιητέων
747 2793 877 2859 τοῦς
905 2793 1008 2858 τάς
1048 2792 1249 2872 τέχνας
1286 2790 1668 2870 μανθάνοντας
1694 2792 1786 2851 καὶ

164 2882 306 2947 τούς
347 2882 606 2966 ἐκγόνους
642 2880 871 2944 τούτων·
911 2880 1044 2945 τοῦς
1073 2881 1136 2940 δὲ
1169 2878 1642 2960 ἀπαλλαγμένους
1678 2881 1788 2939 τῶν

163 2971 572 3050 χειρωναξιέων
609 2971 894 3053 γενναίους
931 2968 1327 3047 νομιζομένους
1367 2966 1525 3036 εἶναι,
1553 2966 1645 3025 καὶ
1682 2964 1786 3043 μά-

163 3063 356 3120 λιστα
378 3057 514 3122 τοῦς
540 3064 596 3122 ἐς
618 3058 718 3120 τόν
743 3058 998 3135 πόλεμον
1023 3055 1360 3131 ἀνειμένους.
1426 3052 1790 3130 μεμαθήκασι

163 3145 219 3207 δ’
249 3144 327 3209 ὧν
351 3149 522 3208 τοῦτο
555 3144 760 3209 πάντες
792 3147 848 3204 οἰ
865 3143 1164 3219 Ἕλληνες,
1202 3140 1295 3200 καὶ
1323 3139 1583 3218 μάλιστα
1611 3146 1788 3201 Λακε-

163 3234 472 3312 δαιμόνιοι.
518 3232 729 3312 ἥκιστα
762 3232 822 3293 δὲ
855 3231 1148 3309 Κορίνθιοι
1188 3227 1411 3289 ὄνονται
1439 3227 1570 3292 τούς
1607 3253 1786 3307 χειρο-
