2184 3517
279 61 374 107 352
907 59 1275 108 ΉΡοΔοτοτ·
1756 60 1880 124 [1v.

277 137 571 215 άπήμονας
601 137 987 200 ἀποστελέειν·
1028 141 1363 217 πειθομένου
1389 140 1450 198 δὲ
1474 146 1576 200 τοῦ
1610 141 1885 218 Ἰήσονος,

279 227 421 288 οὕτω
451 227 519 303 δὴ
545 227 645 288 τόν
669 254 732 288 τε
746 228 1050 299 ,διέκπλοον
1073 233 1184 288 τῶν
1209 230 1473 308 βραχέων
1494 230 1769 290 δεικνύναι
1786 233 1885 293 τὸν

276 316 524 393 Τρίτωνά
565 320 693 391 σφι,
723 317 815 375 καὶ
854 316 953 378 τὸν
991 318 1230 394 τρίποδα
1268 318 1445 377 θεῖναι
1476 323 1536 379 ἐν
1566 323 1646 397 τῷ
1683 324 1886 380 ἑωυτοῦ

281 406 395 482 ἱρῷ,
438 403 908 464 -ἐπιθεσπίσαντά
946 431 1008 464 τε
1049 407 1126 483 τῷ
1170 405 1394 482 τρίποδι
1440 406 1534 463 καὶ
1571 409 1729 466 τοῖσι
1774 407 1883 469 σῦν

274 489 489 568 Ἰήσονι
531 490 862 570 σημῄναντα
892 491 993 552 τᾶν
1024 491 1208 552 πάντα
1239 492 1433 574 λόγον,
1474 492 1547 556 ὥς
1578 495 1749 555 ἐπεάν
1782 496 1883 556 τόν

273 580 512 656 τρίποδα
539 581 841 655 κομίσηται
865 583 975 640 ’τῶν
1002 580 1238 661 ἐκγόνων
1263 607 1347 644 τις
1370 585 1480 641 τῶν
1507 586 1564 642 ἐν
1582 586 1657 660 τῇ
1682 581 1883 664 Ἀργοῖ

274 667 694 744 συμπλεόντων,
726 667 856 728 τότε
891 669 1085 728 ἑκατὸν
1117 668 1321 732 πόλιας
1354 672 1581 744 οἰκῆσαι
1617 672 1749 748 περὶ
1776 671 1883 747 τήν

272 756 574 831 Τριτωνίδα
608 757 813 864 λίμνην
843 757 1178 832 Ἑλληνίδας
1206 761 1423 816 πᾶσαν
1434 757 1646 815 εἶναι’
1610 758 1878 840 ανάγκην·

268 846 446 902 ταῦτα
499 841 848 907 ἀκούσαντας
909 871 1041 908 τους
1104 846 1429 923 ἐπιχωρίους
1483 849 1595 905 τῶν
1645 847 1883 923 Λιβύων

273 931 478 1009 κρύψαι
502 958 601 992 τον
626 934 878 1010 τρίποδα.

185 1022 294 1077 180
399 1019 623 1080 Τούτων
650 1021 709 1079 δὲ
738 1021 959 1101 ἔχονται
984 1025 1096 1081 τῶν
1121 1019 1414 1100 Μαχλύων
1437 1019 1664 1085 Αὖσεῖς.
1720 1021 1879 1084 οὗτοι

272 1107 333 1166 δὲ
381 1109 474 1167 καὶ
529 1112 582 1167 οἱ
626 1107 897 1187 Μάχλυες
942 1109 1108 1187 πέριξ
1158 1108 1262 1183 τήν
1313 1109 1615 1184 Τριτωνίδα
1667 1112 1878 1188 λίμνην

272 1197 534 1255 οἰκέουσι·
581 1222 647 1256 το
695 1198 876 1273 μέσον
923 1196 986 1255 δέ
1026 1202 1139 1272 σφι
1181 1195 1384 1273 ουρίζει
1426 1194 1457 1254 ὁ
1499 1197 1730 1272 Τρίτων·
1781 1201 1876 1259 καὶ

271 1285 325 1341 οἱ
366 1287 471 1360 μὲν
511 1284 784 1363 Μάχλυες
822 1283 896 1344 τὰ
939 1283 1124 1344 οπίσω
1162 1284 1428 1360 κομέουσι
1461 1288 1562 1359 τῆς
1597 1290 1873 1363 κεφαλῆς,

270 1374 323 1429 οἱ
365 1372 423 1430 δὲ
465 1377 673 1435 Αυσεῖς
702 1398 774 1431 τα
810 1373 1116 1449 ἔμπροσθε·
1159 1371 1296 1449 ὁρτῇ
1335 1371 1393 1429 δὲ
1427 1372 1677 1451 ἐνιαυσίῃ
1702 1372 1874 1450 Ἀθη-

269 1460 424 1534 ναίης
465 1463 522 1518 αἱ
563 1461 829 1537 παρθένοι
870 1458 1049 1523 αὐτῶν
1084 1460 1217 1539 δίχα
1254 1459 1559 1518 διαστᾶσαι
1590 1459 1873 1539 μάχονται

268 1545 408 1621 πρὸς
447 1546 707 1622 ἀλλήλας
738 1548 962 1607 λίθοισί
991 1573 1053 1607 τε
1084 1548 1178 1606 καὶ
1210 1546 1450 1616 ξύλοισι,
1482 1549 1554 1625 τῇ
1592 1546 1874 1630 αὖθιγενέῖ

269 1634 375 1713 θεῷ
406 1635 680 1716 λέγουσαι
714 1634 786 1695 τοὶ
817 1634 1024 1713 πάτρια
1059 1633 1399 1702 άποτελέειν,
1426 1632 1529 1709 τήν
1565 1633 1874 1714 Ἀθηναίην.

268 1724 560 1800 καλέομεν·
628 1723 728 1786 τσῖς
781 1723 841 1781 δὲ
903 1721 1373 1798 ἀποθνησκούσας
1420 1725 1531 1781 τῶν
1582 1724 1871 1799 παρθένων

267 1814 328 1868 ἐκ
368 1815 478 1869 τῶν
522 1809 822 1887 τρωμάτων
865 1810 1343 1886 ψευδοπαρθένους
1385 1809 1676 1869 καλέουσι·
1735 1813 1872 1889 πρὶν

267 1897 326 1956 δὲ
378 1896 590 1957 ἀνεῖναι
643 1897 816 1960 αὐτας
865 1897 1171 1977 μάχεσθαι,
1219 1896 1351 1956 τάδε
1402 1901 1646 1956 ποιεῦσι·
1710 1902 1874 1979 κοινῇ

262 1985 540 2063 παρθένον
569 1985 674 2062 τὴν
716 1984 1202 2044 καλλιστεύουσαν
1233 1984 1500 2044 ἑκάστοτε
1540 1986 1866 2061 κοσμήσαν-

261 2099 352 2136 τες
389 2077 524 2153 κυνῇ
555 2100 618 2133 τε
658 2073 931 2151 Κορινθίῃ
969 2072 1060 2131 καὶ
1096 2073 1384 2150 πανοπλίῃ
1419 2070 1745 2153 Ἑλληνικῇ,
1778 2075 1869 2133 καὶ

263 2160 348 2220 ἐπ’
395 2160 548 2239 ἅρμα
595 2160 1068 2237 ἀναβιβάσαντες,
1117 2160 1454 2243 περιάγουσι
1503 2158 1609 2235 τὴν
1659 2161 1872 2238 λίμνην

262 2250 464 2328 κύκλῳ·
494 2249 706 2309 ὁτέοισι
733 2250 791 2308 δὲ
816 2250 882 2308 τό
910 2247 1104 2315 πάλαι,
1119 2247 1391 2324 ἐκόσμεον
1414 2246 1517 2310 τοὶς
1540 2248 1868 2324 παρθένους,

261 2339 393 2414 πρὶν
422 2336 462 2415 ἥ
494 2344 609 2413 σφι
631 2337 920 2413 Ἕλληνας
944 2338 1397 2413 παροικισθῆναι,
1428 2332 1527 2393 οὐκ
1556 2336 1663 2412 ἔχω
1695 2335 1866 2395 εἶπαι·

261 2425 431 2484 δοκέω
465 2424 512 2485 δ’
545 2425 618 2486 ὧν
653 2426 1012 2506 Αἰγυπτίοισι
1038 2423 1273 2483 ὅπλοισι
1301 2423 1649 2499 κοσμέεσθαι
1675 2421 1866 2486 αὐτάς·

260 2512 374 2572 οἷπὸ
413 2514 522 2594 γὰρ
559 2512 849 2594 Αἰγύπτου
887 2512 980 2570 καὶ
1024 2511 1131 2587 τὴν
1172 2510 1387 2571 οἷσπίδα
1432 2510 1527 2568 καὶ
1558 2507 1627 2569 vd
1666 2509 1868 2587 κράνος

261 2601 412 2677 φημὶ
451 2599 688 2679 ἀπῖχθαι
730 2605 784 2662 ἐς
814 2599 942 2662 τούς
970 2600 1279 2675 Ἕλληνας·
1320 2596 1427 2673 τήν
1459 2597 1520 2656 δὲ
1556 2595 1867 2673 Ἀθηναίην

261 2689 408 2764 φασὶ
468 2687 852 2750 Ποσειδέωνος
905 2687 1042 2748 εἶναι
1096 2686 1373 2767 θυγατέρα
1426 2685 1519 2743 καὶ
1575 2687 1680 2759 τῆς
1737 2690 1865 2760 Τρι-

256 2775 479 2837 τωνίδος
521 2776 740 2851 λίμνης·
783 2776 881 2833 καί
916 2800 1017 2850 μιν
1052 2771 1419 2853 μεμφθεῖσάν
1458 2796 1515 2832 τι
1552 2774 1630 2848 τῷ
1671 2771 1860 2848 πατρὶ,

258 2861 448 2920 δοῦναι
503 2861 708 2935 ἑωυτὴν
757 2865 835 2939 τῷ
888 2861 1003 2920 Διι·
1068 2887 1171 2921 τον
1224 2861 1284 2919 δὲ
1338 2858 1452 2917 Δία
1505 2861 1708 2916 ἑωυτοῦ
1765 2882 1865 2933 μιν

256 2944 610 3052 ποιήσασθαι
651 2947 947 3025 θυγατέρα.
1020 2951 1197 3006 ταῦτα
1235 2948 1340 3023 μὲν
1378 2945 1637 3026 λέγουσι.
1711 2943 1866 3020 μίξιν

258 3026 316 3082 δὲ
362 3031 637 3089 ἐπίκοινον
681 3037 795 3097 τῶν
835 3040 1109 3113 γυναικῶν
1153 3028 1453 3103 ποιέονται,
1499 3057 1631 3092 ουτε
1677 3055 1868 3092 συνοι-

263 3109 475 3172 κέοντες
516 3117 783 3188 κτηνηδόν
820 3144 883 3177 τε
921 3120 1279 3200 μισγόμενοι·
1337 3119 1505 3179 ἐπεαν
1545 3118 1605 3177 δὲ
1643 3117 1870 3197 γυναικὶ

255 3187 322 3244 τό
362 3195 581 3254 παιδίον
619 3198 789 3274 ἁδρὰν
826 3205 1070 3281 γένηται,
1117 3208 1534 3282 συμφοιτέουσι
1580 3210 1636 3268 ἐς
1682 3203 1868 3267 τῶυτὸ
