2184 3517
305 118 370 164 σε
915 115 1276 165 ἩΡοΔοωοτ
1831 114 1902 181 [1.

300 193 528 267 πάντας,
556 196 650 255 καὶ
681 193 1002 276 στρατηγόν
1033 193 1214 255 αὐτῶν
1254 192 1401 254 ὥστε
1434 190 1770 269 θεοβλαβὴς
1799 191 1908 251 εῶν

301 281 530 352 οἷπέδεξε
551 282 865 364 Ἅρπαγον,
901 282 1084 358 λήθην
1115 281 1439 360 ποιεύμενος
1468 281 1540 341 τά
1570 306 1669 359 μιν
1695 279 1904 361 ἐόργεε·

299 369 369 434 ὥς
395 370 441 429 δ’
470 374 523 431 οἱ
548 372 738 446 Μῆδοι
765 369 1246 449 στρατευσάμενοι
1271 374 1425 430 τοῖσι
1450 368 1717 447 Πέρσῃσι
1742 368 1905 427 συνέ-

295 483 522 539 μισ-γον,
563 461 616 518 οἱ
655 459 758 534 μέν
788 483 931 520 τινες
972 456 1150 517 αὐτῶν
1198 456 1473 535 ἐμάχοντο
1516 455 1646 516 ὅσοι
1682 454 1764 532 μὴ
1794 459 1903 516 τοῦ

300 544 477 626 λόγου
502 546 797 623 μετέσχον,
816 544 948 604 οἶδὲ
975 543 1320 620 αὐτομόλεον
1334 543 1475 619 πρός
1492 568 1620 606 τους
1644 543 1900 620 Πέρσας·

202 634 276 692 12
282 632 765 718 μοιδςπλειστοι
791 631 1153 692 ἐθελοκάκεόν
1167 657 1230 692 τε
1250 633 1342 692 καὶ
1369 632 1622 711 ἔφευγον.
1686 634 1901 689 Διαλυ-

296 720 485 783 θέντος
525 719 585 779 δὲ
623 724 725 779 τοῦ
765 718 1021 795 Μηδικοῦ
1063 718 1477 797 στρατεύματος
1518 721 1780 796 αἰσχρῶς,
1824 717 1901 783 ὦς

301 805 532 866 ἐπύθετο
573 806 821 885 τάχιστα
863 805 896 866 o‘
939 806 1275 887 Ἀστυάγης,
1322 808 1450 883 ἔφη,
1498 805 1770 866 ἀπειλέων
1817 810 1902 884 τῷ

294 892 481 973 Κύρῳ·
526 903 561 930 “
579 892 709 953 ἀλλ’
745 892 855 953 οὐδ’
886 892 957 957 ὣς
991 893 1024 954 ὅ
1057 893 1247 971 Κῦρός
1275 919 1344 976 γε
1382 890 1694 973 χαιρήσει.”
1759 918 1898 953 τοσ-

294 984 437 1041 αῦτα
469 982 643 1053 εἴπας,
677 986 897 1059 πρῶτον
927 984 1032 1059 μὲν
1068 985 1180 1041 τῶν
1218 982 1412 1063 μάγων
1445 981 1574 1044 τούς
1614 979 1897 1058 ὀνειροπό-

295 1071 432 1133 λους
463 1070 522 1129 οἶ
548 1096 645 1147 μιν
680 1068 1000 1151 ἀνέγνωσαν
1033 1073 1281 1147 μετεῖναι
1304 1069 1403 1129 τόν
1430 1073 1638 1147 Κῦρον,
1663 1068 1899 1133 τούτους

297 1155 728 1229 ἀνεσκολόπισε,
755 1157 897 1234 μετὰ
929 1158 1004 1227 δὲ,
1034 1156 1254 1218 ὥπλισε
1288 1157 1416 1221 τοῦς
1449 1156 1898 1232 ῦπολειφθέντας

289 1247 402 1303 τῶν
437 1244 648 1320 Μήδων
689 1250 748 1305 ἐν
785 1250 862 1323 τῷ
903 1244 1080 1315 ἄστεϊ,
1126 1246 1281 1309 νέους
1325 1270 1389 1305 τε
1432 1245 1525 1304 καὶ
1564 1243 1898 1322 πρεσβύτας

292 1328 511 1408 ἄνδρας·
567 1331 850 1412 ἐξαγαγῶν
889 1332 949 1391 δὲ
986 1332 1216 1397 τούτους
1258 1333 1352 1393 καὶ
1390 1331 1707 1409 συμβαλών
1738 1335 1898 1393 τοῖσι

291 1419 558 1497 Πέρσῃσι
585 1419 832 1495 ἑσσώθη·
875 1420 967 1479 καὶ
992 1419 1158 1483 αὐτός
1175 1446 1238 1480 τε
1250 1419 1570 1501 Ἀστυάγης
1591 1419 1893 1500 ἐζωγρήθη,

196 1505 311 1563 129
333 1506 425 1564 καὶ
455 1505 585 1568 τοῦς
617 1505 856 1587 ἐξήγαγε
886 1511 996 1567 τῶν
1023 1508 1234 1583 Μήδων
1260 1507 1541 1584 ἀπέβαλε.
1621 1505 1805 1567 Ἐόντι
1830 1506 1896 1566 δὲ

291 1592 627 1673 αἰχμαλώτῳ
657 1597 735 1671 τῷ
757 1592 1061 1677 Ἀστυάγεϊ
1092 1596 1347 1674 προστὰς
1372 1595 1404 1656 ὅ
1420 1594 1711 1675 Ἀρπαγος
1736 1594 1894 1654 κατέ-

287 1681 452 1757 χαιρέ
481 1705 543 1740 τε
579 1682 672 1739 καὶ
700 1682 1111 1759 κατεκερτόμεε,
1140 1684 1232 1743 καὶ
1258 1682 1413 1743 ἄλλα
1436 1683 1617 1764 λέγων
1644 1686 1699 1746 ἐς
1722 1680 1895 1743 αὐτὸν

290 1767 583 1849 θυμαλγέα
608 1768 743 1827 ἔπεα
769 1770 861 1828 καὶ
886 1769 955 1845 δή
984 1771 1076 1832 καὶ
1104 1771 1280 1849 εἴρετό
1305 1796 1420 1848 μιν,
1439 1770 1579 1846 πρὸς
1595 1770 1661 1831 τό
1689 1773 1893 1831 ἑωυτοῦ

287 1853 509 1916 δεῖπνον
545 1855 615 1917 τό
653 1881 751 1934 μιν
791 1861 994 1921 ἐκεῖνος
1033 1860 1206 1936 σαρξὶ
1243 1863 1345 1919 τοῦ
1383 1857 1579 1921 παιδός
1615 1858 1890 1933 ἐθοίνησε,

311 1941 376 2002 ‘⁴0'
398 1968 455 2002 τι
480 1943 565 2021 εἴη
591 1942 629 2020 ἦ
659 1945 866 2005 ἐκείνου
898 1945 1364 2022 δουλοσύνη-ἀντὶ
1388 1949 1490 2022 τῆς
1511 1944 1890 2022 meamus-'⁹
1838 1991 1856 2015 ,

287 2055 321 2089 o
349 2029 411 2089 δέ
431 2056 530 2107 μιν
553 2030 903 2109 προσιδων’
865 2034 1164 2111 αντείρετο,
1192 2043 1229 2069 “
1246 2037 1295 2093 εἷ
1320 2037 1522 2093 ἑωυτοῦ
1548 2033 1792 2094 ποιέεται
1817 2032 1888 2093 τὰ

293 2116 547 2195 Κύρου”
518 2118 736 2201 εργον;”
768 2119 1061 2202 Αρπαγος
1087 2121 1147 2180 δὲ
1173 2121 1300 2198 ἔφη,
1328 2120 1494 2184 αὐτὸς
1517 2120 1628 2201 γὰρ
1651 2119 1887 2202 γράψαι,

293 2204 353 2266 ro*
391 2210 628 2287 πρῆγμα
663 2206 732 2283 δὴ
775 2210 974 2269 ἑωυτοῦ
1007 2208 1226 2274 δικαίως
1266 2209 1422 2270 εἶναι·
1467 2208 1786 2289 Ἀστυάγης
1823 2207 1892 2268 δέ

283 2318 381 2369 μιν
421 2292 697 2371 ἀπέφαινε
734 2299 813 2374 τῷ
851 2295 1006 2377 λόγῳ
1047 2306 1083 2332 “
1101 2295 1436 2358 σκαιότατόν
1464 2322 1528 2358 τε
1568 2297 1660 2355 καὶ
1691 2295 1876 2356 ἀδικώ-

282 2406 455 2441 τατον
494 2382 656 2443 ἐόντα
684 2382 914 2448 ,πάντων
949 2383 1269 2461 ἀνθρώπων·
1310 2383 1645 2445 σκαιότατόν
1669 2384 1772 2461 μέν
1795 2410 1882 2465 γε,

286 2473 336 2528 εἷ
372 2469 582 2547 παρεόν
622 2469 768 2548 αύτῷ
800 2471 1056 2546 βασιλέα
1086 2473 1367 2552 γενέσθαι,
1395 2472 1467 2552 (εἰ
1492 2472 1560 2547 δὴ
1586 2470 1653 2530 δι’
1680 2474 1884 2531 ἑωυτοῦ

281 2581 350 2635 ’γε
390 2556 644 2636 ἐπρήχθη
679 2557 752 2617 ταῖ
790 2557 1111 2638 παρεόντα,)
1149 2557 1308 2639 ἄλλῳ
1342 2560 1635 2636 περιέθηκε
1658 2559 1727 2620 τὰ
1752 2559 1883 2637 κρά-

278 2668 393 2706 τος·
434 2642 770 2704 αδικῶτατον
802 2643 942 2714 δὲ,”’
908 2669 996 2704 οτι
1025 2650 1128 2705 τοῦ
1162 2646 1384 2707 δείπνου
1417 2647 1618 2708 εἵνεκεν
1649 2647 1882 2723 Μήδους

279 2729 678 2791 κατεδούλωσε·
719 2735 768 2790 εἰ
785 2730 897 2812 γὰρ
923 2731 992 2808 δὴ
1018 2732 1144 2794 δέον
1159 2759 1377 2799 παντως
1399 2736 1703 2812 περιθεῖναι
1717 2735 1880 2817 ἄλλῳ

276 2817 383 2896 τέω
416 2816 521 2893 τήν
545 2819 858 2896 βασιληιην
890 2820 983 2879 καὶ
1013 2819 1096 2897 μή
1135 2819 1304 2883 αὖτὸν
1338 2825 1497 2902 ἔχειν,
1537 2822 1878 2900 δικαιότερον

280 2904 420 2965 εἶναι
463 2905 674 2982 Μήδων
714 2908 819 2986 τέω
868 2909 1204 2986 περιβαλεῖν
1244 2913 1413 2970 τοῦτο
1457 2937 1525 2971 το
1571 2910 1818 3023 αγαθον
1834 2911 1876 2989 ἢ

274 2993 559 3069 Περσέων·
599 2998 696 3055 νῦν
727 2994 788 3053 δὲ
827 2994 1058 3070 Μήδους
1095 2998 1200 3072 μὲν
1231 2995 1503 3061 α’ναιτίους
1532 2998 1732 3058 τούτου
1756 2997 1873 3059 ἐόν-

272 3104 373 3142 τας
412 3079 643 3144 δούλους
683 3080 806 3141 ἀντὶ
846 3081 1161 3142 δεσποτέων
1199 3085 1498 3165 γεγονέναι,
1540 3085 1771 3195 Πέρσας
1810 3085 1874 3147 δὲ

272 3164 504 3230 δούλους
546 3166 735 3231 ἐόντας
773 3167 842 3228 τὰ
885 3169 1019 3244 πρὶν
1058 3168 1267 3245 Μήδων
1308 3174 1406 3231 νῦν
1446 3172 1734 3252 γεγονέναι
1783 3172 1871 3233 δε-

269 3251 537 3314 ‹rr-dms?
