2184 3517
271 83 499 148 50—53]
894 40 899 45 .
991 84 1219 137 mmo.
1824 86 1889 135 23

267 168 524 241 Δελφῶν
550 165 941 251 Θεοφανίοισι·
976 165 1128 242 φασὶ
1148 165 1212 226 δέ
1232 166 1578 243 μιν-Δελφοὶ
1602 164 1889 244 Θεοδώρου

262 254 375 312 τοῦ
411 252 632 328 Σαμίου
669 253 831 334 ἔργον
867 253 1019 324 εἶναι,
1054 254 1148 312 καὶ
1187 253 1296 334 ἐγῶ
1333 254 1520 314 δοκέω·
1564 252 1629 314 οὗ
1669 253 1780 334 γὰρ
1820 253 1889 315 τό

265 340 565 418 συντυχόν·
597 340 860 416 φαίνεταί
891 365 993 417 μοι
1034 342 1197 422 ἔργον
1238 340 1422 418 εἶναι·)
1460 342 1551 400 καὶ
1589 341 1786 403 πίθους
1825 367 1889 401 τε
1915 360 2070 386 ΛΝ

267 426 577 507 ἀργυρέους
616 427 902 506 τέσσαρας
943 427 1257 507 ἀπέπεμψε,
1293 454 1347 488 οι
1383 434 1442 488 ἐν
1470 432 1549 507 τῷ
1580 428 1889 505 Κορινθίων

268 516 542 594 θησαυρῶ
594 518 812 587 ἐστᾶσι,
858 516 955 577 καὶ
1005 516 1435 593 περιρραντήρια
1486 514 1585 576 δύο
1637 513 1887 592 ἀνέθηκε,

122 654 130 725 μ
268 601 520 690 χρύσεόν
570 628 635 662 τε
682 603 775 661 καὶ
815 602 1109 684 ἀργύρεον·
1161 607 1273 663 τῶν
1317 607 1396 682 τῶ
1440 603 1661 683 χρυσέω
1708 603 1889 684 ἐπιγέ-

34 732 35 735 ¹
268 714 539 769 γραπται,
567 696 1263 760 ΛΑΚΕΔΑΙΜΟΝΙΩΝ,
1293 691 1554 768 φαμένων
1587 691 1726 751 εἶναι
1757 689 1890 751 οἷνά·

273 778 451 853 θημα·
487 803 587 837 ουκ
615 777 793 854 ὀρθῶς
816 779 1095 859 λέγοντες·
1131 779 1253 839 ἔστι
1276 779 1388 860 γοῖρ
1416 779 1507 838 καὶ
1531 782 1698 838 τοῦτο
1719 779 1890 854 Κροί-

268 890 404 928 σου·
448 866 731 946 ἐπέγραψε
765 866 826 926 δὲ
862 873 970 928 τῶν
996 893 1083 932 τις
1118 870 1367 943 Δελφῶν
1401 861 1941 943 Λακεδαιμονίοισι
1917 902 1928 949 s

273 951 633 1029 βουλόμενος
655 955 1024 1033 χαρίσασθαι,
1050 980 1152 1015 του
1181 953 1548 1032 ἐπιστάμενος
1576 955 1644 1014 τΰ
1677 952 1888 1031 οὕνομα
1955 988 1962 993 ·

276 1065 382 1099 ουκ
410 1040 812 1120 ἐπιμνήσομαι·
854 1040 984 1101 ἀλλ’
1012 1070 1044 1102 ο
1070 1068 1175 1120 μεν
1200 1046 1350 1114 παῖς,
1378 1041 1445 1103 δι’
1473 1040 1539 1102 οὗ
1569 1045 1671 1118 τῆς
1700 1067 1889 1120 χειρος

271 1129 393 1205 ῥέει
416 1154 483 1189 το
511 1128 672 1208 υδωρ,
701 1129 1149 1208 Λακεδαιμονίων
1175 1130 1316 1191 ἐστί·
1358 1129 1423 1191 οὗ
1452 1130 1646 1208 μέντοι
1674 1133 1786 1189 τῶν
1818 1155 1889 1211 γε

273 1219 746 1296 περιρραντηρίων
772 1217 1076 1296 οὐδέτερον.
1159 1216 1314 1277 ἄλλα
1338 1242 1401 1278 τε
1425 1217 1757 1294 ἀναθήματα
1787 1217 1888 1279 οὔκ

277 1305 538 1382 ἐπίσημα
566 1305 761 1370 πολλοὶ
792 1305 1089 1385 ἀπέπεμψε
1125 1304 1243 1382 ἅμα
1271 1305 1522 1366 τούτοισι
1552 1304 1585 1366 ὅ
1619 1309 1885 1383 Κροῖσος,

276 1392 375 1451 καὶ
396 1392 653 1472 χεύματα
677 1392 920 1475 οἷργύρεα
945 1394 1296 1470 κυκλοτερέα,
1320 1393 1412 1452 καὶ
1432 1392 1499 1468 δὴ
1523 1391 1614 1451 καὶ
1630 1393 1887 1473 γυναικός

277 1480 510 1540 εἴδωλον
533 1480 778 1560 χρύσεον
803 1482 1062 1562 τρίπηχυ,
1089 1480 1159 1542 τό
1185 1481 1410 1558 Δελφοὶ
1438 1485 1540 1556 τῆς
1571 1478 1888 1556 οἷρτοκόπου

273 1571 380 1644 τῆς
404 1569 661 1647 Κροίσου
689 1568 870 1630 εἰκόνα
895 1570 1134 1651 λέγουσι
1161 1569 1317 1630 εἶναι.
1345 1613 1368 1642 x
1397 1568 1541 1647 πρός
1567 1568 1643 1638 δὲ,
1672 1569 1763 1626 καὶ
1787 1572 1889 1645 τῆς

276 1660 482 1716 ἑωυτοῦ
513 1656 773 1737 γυναικός
801 1657 875 1718 τοὶ
906 1657 1018 1719 dm}
1048 1661 1152 1733 τῆς
1186 1658 1368 1734 δειρῆς
1398 1656 1630 1732 ἀνέθηκε
1656 1654 1690 1716 ὁ
1716 1659 1887 1733 Κροῖ-4

273 1770 384 1808 σος
401 1743 614 1807 καὶτοῖς
634 1744 822 1816 ζώνας.
861 1750 1051 1806 Ταῦτα
1069 1748 1173 1824 μὲν
1200 1751 1254 1810 ἐς
1280 1744 1547 1821 Δελφοῦς
1571 1743 1886 1823 ἀπέπεμψε·
1903 1745 1982 1804 52

271 1836 356 1911 τῷ
382 1832 443 1892 δὲ
466 1831 807 1912 Ἀμφιάρεῳ,
828 1833 1137 1911 πυθόμενος
1164 1833 1333 1894 αὐτοῦ
1358 1834 1462 1909 τήν
1484 1857 1547 1893 τε
1573 1830 1775 1909 σῖρετήν
1795 1832 1888 1891 καὶ

271 1920 383 1997 τήν
423 1919 627 1996 πάθην,
664 1920 895 1998 ἀνέθηκε
935 1920 1111 1988 σάκος
1150 1947 1213 1983 τε
1253 1921 1499 2001 χρύσεον
1533 1924 1648 1981 πᾶν
1687 1920 1889 1996 ὁμοίως

275 2010 374 2068 καὶ
403 2009 614 2089 αἰχμήν
646 2009 881 2086 στερεῆν
913 2014 1109 2071 πᾶσαν
1132 2011 1396 2089 χρυσέην,
1421 2009 1489 2070 τό
1517 2008 1723 2079 ξυστὸν
1748 2013 1887 2088 τῇσι

273 2095 533 2208 λόγχῃσι
558 2095 651 2156 ἐόν
677 2096 880 2173 ὁμοίως
902 2096 1166 2177 χρύσεον·
1198 2098 1270 2157 τοὶ
1298 2099 1378 2157 ἔτι
1404 2097 1497 2157 καὶ
1517 2096 1811 2173 ἀμφότερα
1831 2102 1887 2160 ἐς

276 2186 379 2260 ἐμὲ
410 2184 483 2260 ἦν
518 2184 741 2261 κείμενα
778 2190 837 2246 ἐν
853 2186 1119 2264 Θήβῃσι,
1154 2187 1247 2245 καὶ
1278 2185 1546 2261 Θηβαίων
1578 2189 1636 2245 ἐν
1664 2189 1742 2264 τῷ
1777 2187 1889 2263 νηῷ

275 2276 382 2332 τοῦ
406 2271 700 2348 Ἰσμηνίου
723 2271 1106 2337 Ἀπόλλωνος.

359 2365 527 2422 Τοῖσι
551 2360 672 2420 δὲἸ
637 2386 791 2442 αγειν
809 2363 1091 2438 μέλλουσι
1110 2364 1221 2423 τῶν
1240 2360 1434 2421 Λυδῶν
1453 2364 1629 2420 ταῦτα
1647 2386 1719 2420 τα
1699 2359 1886 2436 δῶρα
1902 2361 1981 2419 53
2051 2356 2060 2361 ’
2113 2342 2150 2355 ’μ’

277 2454 335 2513 ἐς
374 2474 446 2510 τα
489 2476 583 2526 ιρα
616 2449 1000 2517 ἐνετέλλετο’
967 2477 1000 2510 ο
1034 2455 1287 2527 Κροῖσος
1316 2452 1614 2527 ἐπειρωτᾶν
1647 2447 1721 2508 τοὶ
1751 2473 1887 2526 χρη-

275 2536 501 2614 στήρια,
534 2540 585 2596 εἰ
614 2538 983 2616 στρατεύηται
1015 2539 1109 2599 ἐπὶ
1143 2539 1374 2616 Πέρσας
1404 2541 1671 2615 Κροῖσος,
1707 2538 1798 2596 καὶ
1836 2537 1887 2595 εἴ

274 2651 403 2686 τινα
423 2625 672 2704 στρατὸν
702 2626 915 2704 ἀνδρῶν
942 2628 1283 2704 προσθέοιτο
1316 2627 1526 2704 φίλον;
1570 2624 1642 2688 ῶς
1672 2625 1732 2684 δὲ
1763 2623 1888 2684 οἷπι-

277 2713 502 2791 κόμενοι
538 2719 595 2778 ἐς
628 2713 711 2782 τιὶ
731 2713 1190 2793 ἀπεπέμφθησαν
1222 2719 1277 2775 οἱ
1310 2714 1484 2775 Λυδοὶ
1515 2713 1786 2774 οἷνέθεσαν
1816 2711 1888 2771 τοὶ

277 2801 627 2879 ἀναθήματα,
661 2802 930 2881 ἐχρέωντο
963 2807 1120 2864 τοῖσι
1154 2803 1570 2883 χρηστηρίοισι,
1607 2802 1885 2881 λέγοντες·

279 2901 316 2926 “
323 2894 589 2967 Κροῖσος,
623 2890 656 2951 ὅ
687 2890 881 2951 Λυδῶν
909 2917 973 2951 τε
1005 2891 1098 2950 καὶ
1132 2891 1323 2952 ἄλλων
1360 2890 1556 2951 ἐθνέων
1591 2886 1887 2965 βασιλεῦς,

276 2980 515 3057 νομίσας
554 2979 688 3039 τάδε
727 2978 969 3056 μαντήῖα
1009 2979 1149 3040 εἶναι
1192 2984 1374 3057 μοῦνα
1421 2984 1479 3039 ἐν
1524 2974 1886 3053 ἀνθρώποισι,

277 3066 408 3143 ὑμῖν
441 3093 507 3127 τε
541 3066 670 3137 ἄξια
706 3068 853 3145 δῶρα
891 3068 1054 3128 ἔδωκε
1086 3072 1200 3128 τῶν
1234 3065 1630 3143 ἐξευρημάτων,
1665 3063 1756 3122 καὶ
1792 3066 1889 3123 νῦν

277 3155 448 3234 ὑμέας
485 3159 771 3235 ἐπειρωτᾷ,
806 3160 857 3215 εἰ
895 3154 1267 3233 στρατεύηται
1309 3154 1400 3211 ἐπὶ
1435 3153 1683 3228 Πέρσας,
1717 3150 1809 3209 καὶ
1841 3148 1894 3207 εἴ

276 3268 403 3305 τινα
429 3243 677 3321 στρατὸν
703 3243 916 3320 ἀνδρῶν
943 3242 1280 3320 προσθέοιτο
1306 3238 1609 3317 σύμμαχον
1624 3236 1679 3307 ;''
1706 3240 1762 3296 οἳ
1785 3239 1891 3314 μὲν
