2184 3517
319 112 381 160 14
911 111 1281 163 ἯΡοΔοϊοϊ
1838 115 1913 179 [1.

316 191 408 250 καὶ
425 190 640 268 τροπήν
658 190 901 267 ποιήσας
926 197 1037 253 τῶν
1057 193 1343 271 πολεμίων
1357 191 1601 254 ἀπέθανε
1616 192 1921 255 κάλλιστα·

317 276 416 337 καί
447 302 546 354 μιν
578 276 864 355 Ἀθηναῖοι
904 280 1149 359 δημοσίῃ
1186 305 1251 340 τε
1289 280 1504 359 ἔθαψαν
1542 279 1712 342 αὐτοῦ
1741 285 1923 361 τῇπερ

164 401 169 420 ι
316 364 499 435 ἔπεσε,
528 365 622 424 καὶ
648 367 919 443 ἐτίμησαν
943 365 1252 447 μεγάλακῗ

176 449 492 515 “'31‘523
517 452 579 512 δὲ
607 452 680 512 τοὶ
712 452 853 513 κατὰ
876 454 977 514 τὸν
999 454 1221 514 Τέλλον
1245 455 1627 534 προετρέψατο
1657 455 1691 516 ὅ
1724 455 1922 521 Σόλων

98 539 105 548 “
311 537 411 598 τὸν
432 541 684 619 Κροῖσον
703 539 860 604 εἴπας
878 539 1077 601 πολλά
1096 566 1161 601 τε
1181 542 1273 601 καὶ
1292 540 1487 618 ὄλβια,
1509 542 1778 620 ἐπειρώτα
1795 544 1922 605 τίνα

312 623 565 702 δεύτερον
600 625 720 704 μετ’
758 630 962 688 ἐκεῖνον
1001 628 1135 698 ἴδοι;
1177 628 1380 688 δοκέων
1417 628 1609 710 πάγχυ
1644 629 1917 708 δευτερεῖα

312 714 428 792 γῶν
462 711 810 783 οἴσεσθαι,“
777 740 808 773 ο
843 714 902 774 δὲ
939 714 1079 775 εἶπε·
1122 715 1424 792 ((Κλέοβίν
1452 741 1515 777 τε
1553 741 1645 775 και
1679 716 1922 778 Βίτωνα·

262 807 289 880 ’χ
311 798 562 860 τούτοισι
585 801 712 880 γὰρ,
741 804 898 861 ἐοῦσι
927 802 1088 882 γένος
1112 800 1436 882 Ἀργείοισι,
1461 802 1594 878 βίος
1616 827 1681 863 τε
1696 801 1925 885 ἀρκέων

310 883 460 961 ὖπῆν
494 886 587 946 καὶ
620 888 766 996 πρὸς
792 888 975 995 τούτῳι
998 888 1158 966 ῥώμη
1184 888 1443 966 σώματος
1472 888 1678 966 τοιήδε·
1719 890 1921 952 αεθλο-

314 972 486 1051 φόροι
515 999 580 1035 τε
605 972 975 1052 ἇμφότεροι“
938 977 1144 1052 ομοίως
1167 975 1334 1052 ἦσαν,
1362 977 1454 1036 καὶ
1480 976 1548 1052 δή
1576 977 1669 1037 καὶ
1691 977 1922 1058 λέγεται

312 1059 464 1121 ὅδε*
430 1088 463 1121 ο
488 1060 679 1143 λόγος·
723 1060 922 1139 ἐούσης
947 1062 1116 1140 ορτῆς
1139 1067 1211 1143 τῇ
1233 1061 1389 1142 Ἦρῃ
1412 1065 1566 1124 τοῖσι
1588 1061 1916 1145 Ἀργείοισι,

313 1147 428 1207 ἔδεε
450 1147 669 1213 πόντιος
698 1149 802 1226 τὴν
826 1150 1042 1227 μητέρα
1077 1149 1255 1210 αὐτῶν
1286 1149 1464 1232 ζεύγεϊ
1494 1151 1890 1228 κομισθῆναι’
1861 1177 1919 1217 ες

313 1234 381 1297 τὰ
406 1235 541 1313 ἱρόν·
584 1239 639 1296 οἶ
664 1235 726 1296 δέ
750 1243 865 1314 σφι
887 1236 1025 1313 βόες
1051 1243 1113 1297 ἐκ
1137 1241 1238 1298 τοῦ
1263 1236 1437 1318 ἀγροῦ
1464 1235 1529 1297 οὗ
1552 1237 1918 1318 παρεγίνοντο

256 1321 272 1397 Ι
311 1326 371 1381 ἐν
398 1322 527 1401 ὥρῃ·
563 1328 623 1382 ἐκ
733 1322 787 1383 ’ἰό
832 1348 945 1385 ενοι
969 1324 1030 1383 δὲ
1052 1328 1126 1403 τῇ
1153 1323 1265 1404 ὥρῃ
1291 1327 1346 1383 οἱ
1371 1324 1594 1400 νεηνίαι,
1620 1324 1916 1390 ὑποδύντες

310 1401 468 1469 αὐτοὶ
501 1408 612 1469 ὖπό
649 1409 755 1485 τήν
824 1408 1028 1491 εύγλην
1059 1410 1248 1471 εἷλκον
1276 1408 1382 1487 τήν
1415 1410 1651 1488 ἅμαξαν,
1685 1411 1777 1472 ἐπὶ
1813 1417 1915 1490 τῆς

310 1494 527 1572 ἀμάξης
552 1496 616 1555 δέ
631 1502 745 1573 σφι
764 1495 957 1576 ὄχέετο
976 1496 1016 1573 ἦ
1039 1496 1243 1575 μήτηρ·
1275 1497 1537 1563 σταδίους
1555 1499 1616 1559 δὲ
1637 1499 1804 1560 πέντε
1822 1501 1917 1560 καὶ

307 1581 725 1661 τεσσεράκοντα
770 1583 1190 1661 διακομίσαντες
1232 1584 1497 1646 ἀπίκοντο
1550 1590 1607 1651 ἐς
1654 1584 1722 1647 τό
1774 1588 1913 1665 ἱρόν·

307 1674 484 1731 ταῦτα
508 1671 571 1731 δέ
594 1677 707 1749 σφι
731 1670 1010 1747 ποιήσασι
1037 1672 1132 1732 καὶ
1155 1671 1445 1748 ὀφθεῖσι
1410 1698 1522 1735 υπο
1545 1677 1649 1750 τῆς
1672 1674 1915 1757 πανηγύ-

308 1783 428 1836 ριος
449 1758 680 1835 τελευτὴ
706 1762 805 1820 τοῦ
830 1758 1025 1836 βίου’
991 1760 1194 1837 αρίστη
1215 1760 1520 1841 ἐπεγένετο·
1547 1761 1752 1831 διέδεξέ
1772 1788 1835 1823 τε
1854 1768 1913 1824 ἐν

309 1844 560 1906 τούτοισι
598 1845 632 1907 ὅ
673 1846 812 1917 θεὰς,
851 1844 922 1910 ὥς
960 1872 1185 1923 αμεινον
1225 1847 1310 1924 εἴη
1350 1846 1619 1928 ἀνθρώπῳ
1656 1849 1912 1911 τεθνάναι

308 1932 588 2009 μᾶλλον
553 1960 590 2010 η
616 1931 787 2005 ζώειν·
811 1932 1058 2011 Ἀργεῖοι
1081 1936 1186 2011 μὲν
1201 1959 1313 2015 γαρ
1330 1960 1690 2012 περισταντες
1710 1936 1911 2013 ἐμακά-

305 2020 460 2096 ριζον
495 2024 608 2080 τῶν
645 2020 896 2096 νεηνιέων
933 2019 1036 2096 τὴν
1073 2020 1282 2099 ῥώμην·
1326 2025 1385 2081 αἱ
1422 2021 1484 2082 δὲ
1520 2021 1771 2102 Ἀργεῖαι
1805 2023 1911 2101 τήν

306 2107 522 2184 μητέρα
566 2103 761 2177 αὐτῶν,
810 2106 938 2167 οἴων
980 2108 1185 2169 τέκνων
1230 2106 1482 2185 ἐκύρησε·
1533 2108 1573 2185 ἦ
1620 2110 1680 2169 δὲ
1722 2109 1908 2189 μήτηρ

307 2192 613 2273 περιχαρὴς
652 2197 825 2255 ἐοῦσα
861 2197 940 2274 τῷ
975 2220 1039 2269 τε
1077 2196 1219 2276 ἔργῳ
1259 2196 1352 2254 καὶ
1388 2200 1462 2275 τῇ
1502 2196 1684 2276 φήμῃ,
1716 2202 1910 2259 στᾶσα

307 2278 494 2341 ‹im-{ov
523 2285 623 2340 τοῦ
655 2279 978 2362 ἀγάλματος
1010 2280 1202 2361 εὔχετο
1236 2283 1467 2358 Κλέοβί
1485 2308 1549 2344 τε
1574 2285 1668 2364 καὶ
1692 2286 1906 2357 Βίτωνι,

304 2371 459 2428 τοῖσι
484 2371 684 2443 ἑωυτῆς
707 2368 969 2438 τέκνοισι,
998 2369 1058 2428 οἴ
1076 2394 1176 2447 μιν
1196 2370 1466 2446 ἐτίμησαν
1488 2370 1764 2451 μεγάλως,
1786 2372 1908 2433 δοῦ-

305 2479 397 2515 ναι
425 2453 530 2531 τήν
557 2455 685 2516 θεὸν
714 2455 783 2515 τὰ
813 2454 1080 2535 ἀνθρώπῳ
1103 2460 1294 2535 τυχεῖν
1324 2455 1556 2534 ἄριστόν
1583 2463 1725 2519 ἐστι·
1764 2459 1909 2536 μετὰ

303 2541 509 2617 ταύτην
533 2541 594 2601 δὲ
622 2540 727 2618 τήν
753 2541 937 2622 εὐχὴν,
964 2542 1038 2606 ὥς
1070 2543 1277 2604 ἔθυσάν
1305 2569 1370 2604 τε
1400 2545 1493 2604 καὶ
1526 2543 1906 2624 εὐωχήθησαν,

306 2628 798 2707 κατακοιμηθέντες
838 2635 896 2690 ἐν
935 2628 1080 2709 αὐτῷ
1122 2634 1201 2710 τῷ
1240 2633 1337 2710 ἱρῷ
1374 2634 1430 2691 οῖ
1472 2631 1680 2708 νεηνίαι
1726 2631 1909 2694 οὐκέτι

305 2713 642 2791 ἀνέστησαν,
671 2714 801 2775 ἀλλ’
829 2721 888 2776 ἐν
910 2716 1064 2778 τέλει
1086 2716 1263 2796 τούτῳ
1289 2719 1545 2796 ἔσχοντο·
1575 2717 1821 2800 Ἀργεῖοι
1846 2720 1912 2779 δέ

303 2808 497 2879 σφεων
523 2800 734 2866 εἰκόνας
757 2828 1129 2880 ποιησαμενοι
1153 2802 1424 2865 ἀνέθεσαν
1450 2810 1505 2869 ἐς
1532 2805 1813 2882 Δελφοῦς,
1834 2805 1907 2870 ὥς

266 2901 272 2910 '
302 2887 572 2965 ἀνδρων’
536 2889 778 2966 αρίστων
800 2891 1128 2980 γενομένων.
1126 2889 1159 2910 ”

213 2978 284 3038 32
384 2976 580 3041 Σόλων
596 3002 701 3053 μεν
719 2976 786 3052 δη
810 2963 1491 3089 εὖδαιμονίῆς-δ-ευτερεῖα”
1462 3003 1619 3055 ενεμε
1633 2977 1904 3040 τούτοισι.

302 3066 554 3140 Κροῖσος
585 3064 645 3122 δὲ
675 3064 975 3142 σπερχθεὶς
1007 3063 1146 3124 εἷπε·
1189 3063 1275 3124 “‹2'›
1305 3067 1448 3135 ξεῖνε
1470 3065 1813 3143 Ἀθηναῖε,’
1774 3093 1812 3142 η
1845 3066 1906 3127 δὲ

296 3149 541 3229 ἡμετέρη
567 3149 881 3227 εὐδαιμονίη
906 3150 1046 3211 οὕτω
1067 3176 1158 3212 τοι
1182 3150 1514 3230 απέρριπται
1538 3157 1594 3217 ἐς
1621 3179 1690 3214 το
1672 3152 1902 3230 μηδὲν,

298 3235 446 3299 ὥστε
477 3236 604 3298 οὐδὲ
635 3236 884 3297 ἰδιωτέων
911 3236 1127 3314 ἅνδρῶν
1158 3237 1344 3307 ἀξίους
1366 3238 1543 3318 ἡμέας
1573 3239 1904 3317 ἐποίησας;”
