2184 3517
322 107 388 154 90
934 108 1302 158 ἨΡΟΔΟΤΟΤ
1855 109 1928 174 [I.

327 183 391 243 δὲ
412 189 515 245 τοῦ
541 189 678 261 νηοΰ
701 185 898 263 βωμός
922 191 1047 247 ἐστι
1070 185 1331 266 χρύσεος.
1399 187 1522 248 ἔστι
1546 185 1608 247 δὲ
1633 187 1728 248 καὶ
1753 187 1942 254 ἄλλος

322 270 521 348 βωμός
552 272 745 354 μέγας,
782 272 926 334 ὅπου
958 273 1149 334 θύεται
1181 273 1254 334 τοὶ
1277 273 1448 333 τέλεα
1471 277 1583 335 τῶν
1607 275 1938 353 προβάτων.

327 360 420 419 ἐπὶ
451 359 563 441 γάρ
596 366 698 421 τοῦ
728 362 972 440 χρυσέου
996 364 1198 439 βωμοῦ
1225 361 1324 422 οὐκ
1351 362 1536 433 ἔξεστι
1561 362 1712 424 θύειν
1737 362 1828 425 ὅτι
1850 364 1939 442 μή

323 448 616 528 γαλαθηνὰ
652 454 851 526 μοῦνα·
893 450 986 509 ἐπὶ
1017 450 1077 508 δὲ
1102 453 1205 508 τοῦ
1229 449 1462 526 μέζονος
1485 452 1687 528 βωμοῦ
1714 453 1809 511 καὶ
1836 478 1938 511 κα.-

321 536 615 617 ταγίζουσι
650 538 970 613 λιβανωτοῦ
1009 538 1174 617 χίλια
1211 537 1465 598 τάλαντα
1505 539 1654 602 ἔτεος
1693 538 1940 601 ἑκάστου

323 625 377 682 οῖ
420 623 718 695 Χαλδαῖοι,
757 624 887 685 τότε
927 626 1096 686 ἐπεοὶν
1133 624 1240 702 τήν
1279 624 1451 703 ὁρτὴν
1489 625 1672 708 ἄγωσι
1708 632 1788 707 τῷ
1826 629 1940 708 θεῷ

319 710 516 790 τούτῳ.
597 710 669 787 ἦν
707 713 767 771 δὲ
809 717 867 773 ἐν
904 717 983 792 τῷ
1015 714 1232 790 τεμένεϊ
1264 712 1441 791 τούτῳ
1481 714 1562 774 ἔτι
1591 713 1694 775 τᾶν
1725 715 1937 795 χρόνον

319 801 526 859 ἐκεῖνον
566 800 659 859 καὶ
699 799 921 877 ἀνδριάς
961 801 1204 861 δυώδεκα
1240 802 1479 882 πηχέων,
1512 801 1770 882 χρύσεος,
1802 830 1934 864 στε-

315 885 460 962 ρεός.
529 886 636 969 ἐγώ
677 888 783 965 μέν
822 914 921 966 μιν
968 888 1068 949 οὐκ
1114 890 1278 950 εἶδον·
1331 890 1404 950 vd
1449 889 1510 949 δὲ
1549 890 1779 972 λέγεται
1816 890 1932 952 ὖπὸ

316 974 632 1047 Χαλδαίων,
658 980 835 1036 ταῦτα
860 977 1028 1058 λέγω.
1086 977 1266 1057 τούτῳ
1288 982 1366 1057 τῷ
1392 976 1671 1055 ἀνδριάντι
1690 983 1932 1057 Δαρεῖος

314 1062 492 1138 μὲν“
458 1090 491 1124 ο
529 1062 887 1129 Ὑστάσπεος
927 1064 1361 1148 ἐπιβουλεύσας,
1390 1092 1490 1125 ουκ
1516 1065 1800 1184 ἐτόλμησε
1826 1070 1930 1127 λα-

314 1158 464 1234 βεῖν·
547 1159 761 1238 Ξέρξης
805 1160 867 1220 δε
912 1188 945 1222 ο
990 1162 1232 1239 Δαρείου
1279 1162 1475 1238 ἔλαβε,
1523 1162 1617 1220 καὶ
1656 1187 1758 1222 τον
1806 1163 1929 1240 ἱρέα

313 1244 598 1308 ἀπέκτεινε
640 1247 1059 1329 ἀπαγορεύοντα
1102 1275 1185 1326 μη
1228 1249 1426 1310 κινέειν
1463 1275 1566 1310 τον
1605 1248 1925 1327 α’νδριάντα.

313 1360 381 1394 το
417 1337 524 1411 μὲν
562 1335 692 1411 δηε
676 1336 796 1413 ιρὸν
832 1341 1001 1397 τοῦτο
1035 1335 1177 1396 οὕτω
1217 1335 1552 1414 κεκόσμητο,
1586 1337 1710 1402 ἔστι
1732 1338 1795 1398 δὲ
1830 1341 1926 1399 καὶ

314 1422 428 1481 ἴδια
453 1421 785 1499 ἀναθήματα
808 1402 1022 1484 πολλά.

225 1511 339 1569 184
393 1514 508 1586 Τῆς
532 1510 592 1570 δὲ
620 1512 964 1587 Βαβυλῶνος
986 1509 1192 1589 ταύτης
1217 1511 1429 1572 πολλοὶ
1453 1510 1560 1589 μέν
1574 1538 1675 1573 κου
1702 1512 1796 1573 καὶ
1821 1512 1922 1574 ἅλ-

314 1601 410 1658 λοι
441 1598 695 1681 ἐγένοντο
724 1600 1013 1675 βασιλέες,
1039 1603 1152 1660 τῶν
1181 1605 1239 1660 ἐν
1263 1604 1417 1661 τοῖσι
1440 1599 1804 1678 Ἀσσυρίοισι
1823 1602 1922 1663 λό-

312 1711 468 1767 γοισι
480 1686 706 1763 μνήμην
729 1685 1058 1764 ποιήσομαι,
1077 1687 1133 1747 οἳ
1144 1686 1216 1748 τὰ
1232 1686 1421 1767 τείχεά
1440 1713 1501 1748 τε
1522 1687 1922 1766 ἐπεκόσμησαν

314 1774 407 1834 καὶ
426 1773 497 1834 τσῖ
514 1774 623 1852 ἱρά·
653 1780 711 1835 ἐν
725 1775 785 1834 δὲ
810 1774 879 1851 δή
908 1775 1000 1835 καὶ
1013 1779 1268 1856 γυναῖκες
1283 1775 1399 1836 δύο.
1452 1775 1492 1853 ἦ
1518 1778 1622 1854 μὲν
1645 1776 1922 1855 πρότερον

225 1918 232 1923 .
311 1862 532 1940 ἄρξασα
545 1866 646 1940 τῆς
659 1862 895 1941 ὕστερον
906 1868 1136 1945 γενεῇσι
1155 1864 1319 1925 πέντε
1338 1863 1609 1941 πρότερον
1628 1865 1917 1947 γενομένη,

311 1955 395 2030 τῇ
411 1977 621 2029 ουνομα
638 1951 708 2027 ἦν
728 1952 1048 2030 Σεμίραμις,
1073 1951 1213 2029 αὕτη
1230 1955 1336 2029 μὲν
1355 1952 1660 2023 ἀπεδέξατο
1679 1979 1919 2033 χωματα

316 2037 421 2099 οἷνοὶ
443 2065 511 2099 το
542 2039 786 2099 πεδίον’
760 2038 923 2100 εόντα
948 2039 1265 2116 ἀξιοθέητα·
1308 2039 1581 2118 πρότερον
1607 2042 1668 2102 δὲ
1693 2041 1918 2101 ἐώθεε“
1883 2069 1917 2102 ο

222 2129 335 2188 185
351 2153 603 2205 ποταμος
641 2126 747 2188 άνα
783 2127 852 2188 τὸ
892 2128 1083 2189 πεδίον
1109 2153 1223 2188 παν
1251 2129 1590 2209 πελαγίζειν.
1656 2128 1732 2189 H
1760 2129 1821 2189 δὲ
1845 2129 1918 2207 δή

311 2215 563 2295 δεύτερον
601 2218 869 2301 γενομένη
906 2216 1113 2294 ταύτης
1149 2217 1444 2293 βασίλεια,
1484 2221 1556 2296 τῇ
1571 2215 1809 2325 ’.οὔνομα
1845 2216 1919 2295 ἦν

311 2305 598 2383 Νίτωκρις,
617 2304 778 2386 (αὕτη
800 2305 859 2365 δὲ
879 2305 1221 2383 συνετωτέρη
1240 2304 1510 2387 γενομένη
1528 2308 1628 2382 τῆς
1646 2304 1920 2383 πρότερον

310 2393 603 2476 οἷρξάσης,)
660 2397 829 2454 τοῦτο
881 2396 986 2470 μὲν
1038 2392 1374 2502 μνημόσυνα
1421 2393 1644 2453 ἐλίπετο
1689 2419 1763 2453 τα
1807 2394 1918 2475 ἐγω

311 2481 700 2562 ἀπηγήσομαι·
751 2484 919 2542 τοῦτο
975 2481 1037 2540 δὲ
1080 2479 1191 2557 τήν
1234 2480 1445 2557 Μήδων
1492 2479 1686 2559 ἆρῶσα
1731 2479 1915 2561 ἀρχὴν

308 2569 565 2651 μεγάλην
597 2593 660 2628 τε
696 2568 790 2628 καὶ
824 2567 926 2628 οὔκ
962 2567 1386 2646 ἀτρεμίζουσαν,
1415 2567 1571 2629 ἄλλα
1594 2593 1658 2629 τε
1690 2568 1917 2648 ἀραιρη-

309 2658 452 2735 μένα
477 2654 655 2716 άστεα
680 2654 903 2717 αὐτοῖσι
928 2661 987 2717 ἐν
1012 2656 1074 2715 δὲ
1100 2655 1170 2733 δή
1199 2656 1292 2716 καὶ
1315 2656 1421 2733 τὴν
1450 2661 1644 2728 Νῖνον,
1670 2663 1916 2735 προεφυ-

308 2744 522 2815 λάξατο
561 2742 676 2804 ὅσα
715 2742 944 2804 ἐδύνατο
982 2743 1258 2823 μάλιστα,
1295 2749 1490 2822 πρῶτα
1528 2746 1633 2823 μὲν
1664 2745 1766 2807 τόν
1805 2745 1916 2806 Εὖ-

309 2831 532 2911 φρήτην
568 2831 825 2909 ποταμὸν
862 2832 1060 2911 ῥέοντα
1099 2832 1371 2911 πρότερον
1412 2833 1548 2903 ῖθὺν,
1581 2832 1644 2897 ὅς
1673 2840 1787 2911 σφι
1821 2834 1916 2895 διὰ

305 2926 408 2999 τῆς
440 2920 642 2985 πόλιος
674 2921 856 2998 μέσης
881 2922 1008 2998 ῥέει,
1035 2925 1236 2982 τοῦτον
1262 2921 1469 2982 ἄνωθεν
1494 2920 1765 3002 διώρυχας
1788 2922 1915 3001 ὀρύ-

307 3010 460 3080 ξασα
500 3009 640 3070 οὕτω
676 3008 746 3086 δή
770 3035 828 3069 τι
866 3009 1098 3085 ἐποίησε
1137 3008 1390 3080 σκολιόν,
1421 3008 1567 3070 ὥστε
1605 3009 1673 3086 δὴ
1699 3011 1820 3089 τρὶς
1858 3016 1915 3076 ἐς

304 3103 415 3160 τῶν
454 3098 578 3159 τινὰ
621 3097 843 3174 κωμέων
887 3101 998 3157 τῶν
1042 3101 1103 3157 ἐν
1142 3100 1216 3176 τῇ
1260 3096 1542 3177 Ἀσσυρίῃ
1594 3098 1914 3159 ἀπικνέεται

306 3188 463 3265 ῥέων·
502 3191 575 3266 τῇ
599 3187 659 3246 δὲ
684 3183 842 3265 κώμῃ
874 3183 1085 3262 οὔνομά
1119 3189 1244 3244 ἐστι
1284 3189 1340 3248 ἐς
1377 3183 1483 3261 τὴν
1520 3184 1838 3246 ἀπικνέεται
1877 3186 1914 3247 ὅ

304 3273 608 3351 Εὐφρήτης
628 3273 973 3351 Ἀρδέρικκα·
1014 3272 1110 3331 καὶ
1133 3275 1231 3332 νῦν
1257 3270 1313 3330 οἳ
1342 3268 1411 3331 ἂν
1437 3272 1765 3348 κομίζωνται
1794 3273 1911 3336 ἀπὸ
