2184 3517
341 137 407 184 62
951 135 1324 188 ἯΡΟΔοτοτ
1875 132 1952 199 [1.

339 238 405 275 τε
449 214 545 274 καὶ
590 215 939 291 ἐβασίλευσε
981 213 1017 275 ὅ
1059 217 1195 277 παῖς
1236 212 1319 290 μὴ
1365 217 1429 272 ἐκ
1476 212 1743 288 προνοίης
1784 212 1953 284 τινὰς,

344 300 545 378 θάρσει
581 326 644 361 τε
682 300 898 361 τούτου,
925 301 1106 361 εἵνεκα
1147 300 1240 359 καὶ
1272 299 1449 377 θυμὸν
1486 300 1580 377 ἔχε
1610 298 1841 380 ἀγαθόν·
1884 299 1953 360 οὗ

341 388 453 470 γοῖρ
496 388 576 447 ἔτι
611 387 680 448 τὰ
721 387 974 465 δεύτερον
1013 387 1188 466 ἄρξει.
1268 386 1424 465 παρὰ
1464 387 1678 464 σμικροὶ
1707 386 1818 469 γὰρ
1856 389 1954 448 καὶ

341 481 454 537 τῶν
475 477 683 557 λογίων
705 475 843 553 ἡμῖν
868 478 985 537 ἔνια
1011 476 1307 555 κεχώρηκε·
1350 476 1443 535 καὶ
1471 474 1546 535 τά
1574 501 1643 556 γε
1671 480 1783 536 τῶν
1811 475 1955 538 ὀνει-

341 562 525 641 ράτων
564 562 804 641 ἐχόμενα
841 565 1044 627 τέλεως
1081 570 1137 627 ἐς
1173 564 1405 626 οἷσθενὲς
1446 563 1718 641 ἔρχεται.”
1797 562 1956 642 οἷμεί-

342 653 512 728 βεται
533 649 853 732 Ἀστυάγης
876 652 1087 712 τοῖσδε·
1117 661 1153 687 “
1171 652 1263 710 καὶ
1290 649 1471 722 αὐτὸς,
1500 650 1543 709 ὦ
1566 650 1757 733 μάγρι,
1773 651 1955 731 ταύτῃ

343 741 616 802 πλεῖστος
650 737 879 819 γνώμην
914 740 1044 816 εἰμὶ,
1079 739 1360 816 βασιλέος
1398 737 1812 816 ὀνομασθέντος
1847 746 1955 801 τοῦ

342 824 540 889 παιδός
586 825 800 900 ἐξήκειν
841 851 906 886 τε
948 826 1048 887 τὸν
1092 825 1306 904 ὄνειρον
1351 827 1448 885 καί
1487 852 1590 903 μοι
1631 826 1730 887 τᾶν
1774 829 1955 888 παῖδα

341 916 541 973 τοῦτον
575 912 714 973 εἶναι
745 913 922 974 δεινὰν
958 913 1116 974 οὐδὲν
1148 916 1247 974 ἔτι·
1279 913 1428 992 ὅμως
1456 914 1563 991 μέν
1590 940 1660 997 γε
1688 941 1779 974 τοι
1808 941 1953 993 συμ-

341 999 703 1077 βουλεύσατέ
729 1027 830 1078 μοι
856 1000 916 1061 εὖ
941 1000 1415 1079 περισκεψάμενοι
1437 1000 1511 1062 τὰ
1533 1003 1738 1080 μέλλει
1760 1001 1954 1080 άσφα-

343 1088 598 1148 λέστατα
643 1088 782 1149 εἶναι
828 1090 958 1169 οἴκῳ
1002 1114 1066 1150 τε
1113 1092 1190 1167 τῷ
1231 1093 1343 1170 ἐμῷ
1393 1090 1485 1149 καὶ
1528 1088 1712 1167 ύμῖν.”
1790 1091 1954 1153 εἶπαν

342 1175 483 1254 πρός
506 1181 683 1237 ταῦτα
708 1180 762 1237 οἶ
785 1177 980 1259 μάγοι·
1021 1187 1058 1213 “
1073 1177 1118 1237 ὦ
1147 1179 1416 1255 βασιλεῦ,
1445 1177 1538 1237 καὶ
1569 1177 1793 1239 αὐτοῖσι
1814 1179 1956 1257 ἡμῖν

342 1265 473 1342 περὶ
522 1269 747 1325 πολλοῦ
800 1267 924 1326 ἐστὶ
976 1266 1390 1343 κατορθοῦσθαι
1442 1265 1628 1346 ἀρχὴν
1669 1266 1774 1342 τὴν
1818 1267 1954 1344 σήν·

345 1353 528 1415 κείνως
567 1355 672 1428 μὲν
712 1352 823 1433 γοὶρ
866 1351 1266 1430 ἀλλοτριοῦται
1308 1359 1364 1417 ἐς
1402 1352 1503 1414 τᾶν
1542 1354 1716 1414 παῖδα
1751 1359 1956 1417 τοῦτον

345 1443 642 1515 περιῖοῦσα
683 1440 844 1501 ἐόντα
883 1441 1135 1517 Πέρσην,
1178 1442 1272 1501 καὶ
1309 1441 1486 1519 ἡμεῖς,
1522 1441 1702 1506 ἐόντες
1741 1443 1954 1519 Μῆδοι,

345 1525 697 1603 δουλούμεθά
746 1554 812 1589 τε
863 1529 956 1587 καὶ
998 1527 1177 1609 λόγου
1228 1528 1448 1592 οὖδενός
1490 1530 1762 1610 γινόμεθα
1809 1530 1957 1609 πρὸς

346 1615 631 1692 Περσέων,
666 1614 845 1680 ἐόντες
877 1616 1064 1686 ξεῖνοι·
1099 1617 1202 1677 σέο
1234 1616 1282 1677 δ’
1315 1622 1642 1681 ἐνεστεῶτος
1671 1620 1957 1696 βασιλέος

346 1701 531 1766 ἐόντος
571 1703 867 1779 πολιήτεω,
911 1704 1005 1764 καὶ
1045 1703 1294 1784 ἄρχομεν
1333 1705 1402 1766 τὰ
1443 1707 1611 1784 μέρος
1654 1706 1747 1766 καὶ
1784 1708 1957 1785 τιμὰς

342 1790 485 1868 πρός
526 1792 629 1851 σέο
666 1791 925 1874 μεγάλας
964 1792 1184 1871 ἔχομεν.
1267 1791 1408 1852 οὕτω
1448 1791 1524 1853 ὧν
1561 1792 1778 1857 πάντως
1814 1794 1956 1872 ἡμῖν

343 1878 447 1938 σέο
471 1904 536 1939 τε
561 1879 654 1939 καὶ
676 1883 777 1955 τῆς
803 1883 912 1955 σῆς
938 1878 1120 1958 οἷρχῆς
1142 1882 1459 1958 προοπτέον
1485 1882 1627 1941 ἐστί·
1663 1883 1755 1941 καὶ
1779 1885 1878 1943 νῦν
1904 1889 1958 1944 εἰ

345 1965 601 2044 φοβερόν
624 1992 682 2027 τι
707 1970 974 2045 ἑωρῶμεν,
998 1972 1116 2027 πᾶν
1140 1966 1208 2028 ἄν
1233 1994 1332 2029 σοι
1364 1969 1812 2047 προεφράζομεν·
1852 1976 1956 2032 νῦν

344 2053 405 2113 δὲ
437 2052 876 2133 ἀποσκήψαντος
905 2060 1007 2116 τοῦ
1041 2056 1296 2116 ἐνυπνίου
1322 2061 1378 2121 ἐς
1402 2060 1679 2135 φλαῦρον,
1706 2055 1870 2118 αὗτοί
1887 2084 1955 2119 τε

343 2142 659 2221 θαρσέομεν
699 2143 793 2202 καὶ
830 2144 928 2204 σοὶ
969 2144 1130 2221 ἔτερα
1167 2148 1399 2205 τοιαῦτα
1433 2144 1952 2223 παρακελευόμεθα·

339 2229 440 2290 τόν
485 2231 547 2291 δὲ
589 2231 765 2291 παῖδα
794 2236 1007 2293 ’τοῦτον
1052 2232 1116 2302 ἐξ
1157 2231 1475 2310 ὀφθαλμῶν
1520 2232 1854 2311 ἀπόπεμψαι
1894 2239 1954 2300 ἐς

251 2319 359 2378 121
382 2319 615 2397 Πέρσας
637 2345 701 2381 τε
726 2321 819 2380 καὶ
841 2319 971 2384 τοῦς
993 2319 1399 2401 γειναμένους.”
1469 2318 1746 2384 Ἀκούσας
1771 2325 1953 2382 ταῦτα

341 2405 375 2466 ὀ
398 2405 730 2490 Ἀστυάγης,
760 2407 935 2487 ἐχάρη
965 2434 1028 2468 τε
1055 2409 1150 2467 καὶ
1176 2409 1424 2471 καλέσας
1446 2407 1547 2468 τᾶν
1573 2405 1764 2485 Κῦρον
1790 2411 1955 2492 ἔλεγέ

342 2497 397 2554 οἶ
436 2495 588 2556 τάδε·
630 2495 725 2555 “ὦ
766 2499 889 2567 παῖ,
932 2498 1002 2556 σὲ
1040 2495 1153 2576 γοῖρ
1198 2496 1306 2577 ἐγώ
1348 2495 1417 2555 δι’
1458 2494 1590 2574 ὄψιν
1630 2495 1843 2573 ὀνείρου
1883 2497 1952 2557 οὗ

341 2582 541 2658 τελέην
571 2581 792 2658 ἠδίκεον
820 2588 894 2661 τῇ
926 2587 1173 2643 σεωυτοῦ
1207 2583 1267 2641 δὲ
1298 2584 1469 2662 μοίρῃ
1503 2585 1725 2660 περίεις,
1750 2588 1848 2644 νῦν
1874 2584 1954 2646 ὧν

341 2669 424 2728 ἴθι
454 2671 663 2748 χαίρων
701 2674 757 2733 ἐς
788 2671 1036 2748 Πέρσας,
1070 2670 1331 2747 πομποῦς
1364 2670 1416 2730 δ’·
1440 2671 1549 2753 ἐγῶ
1579 2670 1699 2747 ἅμα
1722 2671 1950 2749 πέμψω·

345 2756 525 2818 ἐλθών
566 2758 627 2818 δὲ
671 2762 800 2830 ἐκεῖ,
841 2759 1058 2836 πατέρα
1098 2782 1162 2818 τε
1203 2758 1296 2818 καὶ
1333 2760 1549 2837 μητέρα
1589 2757 1842 2836 εὑρήσεις
1882 2785 1945 2819 οι.

340 2844 482 2905 κατοὶ
513 2846 879 2924 Μιτραδάτην
909 2871 974 2907 τε
1001 2845 1105 2907 τᾶν
1133 2845 1422 2923 βουκόλον
1454 2847 1548 2906 καὶ
1576 2845 1681 2922 τήν
1710 2850 1953 2927 γυναῖκα

340 2931 563 2993 ada-0⁶?
1984 2939 1990 2944 ’

250 3020 362 3079 122
444 3024 633 3081 Ταῦτα
670 3022 827 3084 εἴπας
857 3020 891 3082 ὀ
913 3019 1236 3102 Ἀστυάγης
1261 3020 1584 3098 οἷποπέμπει
1608 3019 1708 3082 τόν
1733 3024 1949 3098 Κῦρον·

339 3108 697 3184 νοστήσαντα
722 3110 784 3169 δέ
814 3135 913 3186 μιν
947 3115 1003 3172 ἐς
1031 3114 1134 3170 τοῦ
1163 3109 1495 3185 Καμβύσεω
1518 3108 1591 3169 τὰ
1623 3109 1770 3169 οἰκία
1801 3109 1951 3179 ἐδέξ-

337 3218 473 3254 αντο
523 3200 578 3256 οἱ
625 3196 957 3279 γεινάμενοι,
1011 3198 1106 3255 καὶ
1156 3195 1445 3271 δεξάμενοι
1493 3195 1593 3277 [ὥς
1649 3194 1950 3278 ἐπύθοντο]

344 3281 598 3362 μεγάλως
621 3282 962 3354 ἀσπάζοντο,
987 3282 1084 3342 οἶα
1106 3282 1176 3357 δὴ
1203 3281 1565 3360 ἐπιστάμενοι
1593 3281 1792 3342 αὐτίκα
1813 3281 1951 3345 τότε
