2184 3517
306 127 601 193 101-104]
955 130 1280 180 mmmm.
1828 129 1921 181 155

301 209 580 287 φόμενος.
661 207 876 271 ὄτέοισι
899 211 1006 287 μέν
1030 237 1129 271 νυν
1164 209 1343 271 αὐτῶν
1373 208 1671 287 ἀλκίμοισι
1705 208 1921 291 ἐνετύγ-

301 323 453 377 χανε
488 297 579 357 καὶ
619 296 807 362 δεινῶς
845 299 1243 379 γλιχομένοισι
1281 298 1410 375 περὶ
1447 302 1549 374 τῆς
1589 297 1918 375 ἐλευθερίης,

300 383 566 446 τούτοισι
589 387 694 462 μὲν
721 385 940 461 στήλας
967 384 1159 462 ἐνίστη
1188 391 1244 450 ἐς
1267 387 1367 450 τοῖς
1397 385 1596 464 χώρας,
1626 384 1716 444 &ot
1741 411 1920 466 γραμ-

299 472 502 549 μάτων
525 471 811 556 λεγούσας
841 471 909 533 τό
939 498 1003 533 τε
1044 477 1249 534 ἑωυτοῦ
1290 472 1502 551 οὔνομα
1544 473 1636 532 καὶ
1674 476 1776 549 τῆς
1814 472 1919 533 πά-

299 586 461 637 τρης,
490 562 583 621 καὶ
610 560 682 625 ὦς
708 560 909 637 δυνάμι
931 564 1005 640 τῇ
1032 564 1234 622 ἑωυτοῦ
1266 560 1686 640 κατεστρέψατό
1711 567 1916 638 σφεας·

300 646 484 709 ὁτέων
514 649 575 709 δὲ
601 648 851 728 ἀμαχητὶ
877 649 969 709 καὶ
995 648 1263 714 εὐπετέως
1287 649 1584 727 παρέλαβε
1606 650 1708 713 τσῖς
1731 649 1915 721 πόλις,

298 735 567 798 τούτοισι
606 738 666 797 δὲ
708 737 982 818 ἐνέγραφε
1022 743 1080 797 ἐν
1104 742 1243 818 τῇσι
1282 738 1536 817 στήλῃσι
1577 738 1718 798 κατοὶ
1742 737 1917 798 ταῦτὰ

300 824 407 883 καὶ
430 829 585 885 τοῖσι
610 824 926 903 ἀνδρηίοισι
949 829 1060 886 τῶν
1086 827 1284 887 ἐθνέων
1314 826 1684 908 γενομένοισι·
1728 826 1820 885 καὶ
1847 826 1915 902 δή

300 912 406 971 καὶ
432 913 616 973 αἰδοῖα
640 911 899 994 γυναικός
923 915 1368 994 προσενέγραφε,
1392 913 1541 989 δῆλα
1564 913 1917 990 βουλόμενος

298 1001 518 1061 ποιέειν
543 1001 614 1066 ὥς
641 1002 838 1078 εἴησαν
865 1000 1174 1065 ἀνάλκιδες.
1242 1004 1433 1061 Ταῦτα
1459 1001 1519 1061 δὲ
1545 1001 1744 1061 ποιέων
1770 1002 1875 1061 διε·
1895 1005 2007 1065 103

299 1088 434 1164 ξήῖε
457 1088 561 1165 τήν
586 1088 835 1168 ἤπειρον,
863 1093 919 1154 ἐς
944 1088 977 1150 ὃ
1004 1095 1065 1149 ἐκ
1090 1093 1194 1166 τῆς
1217 1087 1419 1165 Ἀσίης
1446 1094 1500 1153 ἐς
1525 1088 1629 1165 τὴν
1654 1087 1930 1166 Εὐρώπην

300 1176 513 1253 διαβὰς
538 1175 668 1241 τούς
690 1202 753 1237 τε
780 1175 998 1243 Σκύθας
1023 1178 1443 1256 κατεστρέψατο
1475 1177 1568 1236 καὶ
1592 1175 1721 1240 τοῦς
1746 1176 1913 1255 Θρήϊ-

299 1289 430 1328 κας·
498 1269 554 1329 ἐς
596 1263 828 1329 τούτους
870 1265 934 1326 δέ
970 1291 1072 1343 μοι
1114 1265 1291 1325 δοκέει
1333 1266 1426 1325 καὶ
1467 1264 1534 1325 οὗ
1573 1263 1913 1343 προσώτατα

297 1350 616 1414 α’πικέσθαι·
638 1352 672 1413 ὅ
697 1351 1009 1434 Αἰγύπτιος
1034 1352 1294 1431 στρατός·
1337 1358 1395 1414 ἐν
1423 1356 1528 1430 μὲν
1550 1353 1661 1436 γοὶρ
1687 1356 1760 1433 τῇ
1785 1352 1921 1438 τού-Δ

294 1465 419 1500 των
436 1440 591 1520 χώρῃ
609 1440 904 1518 φαίνονται
920 1441 1222 1501 σταθεῖσαι
1237 1444 1296 1501 αἶ
1314 1445 1542 1518 στῆλαι,
1562 1441 1629 1502 τὰ
1651 1441 1711 1501 δὲ
1731 1468 1909 1520 προσ-

294 1529 490 1605 ωτέρω
519 1528 728 1589 τούτων
760 1527 966 1590 οὐκέτι·
1010 1531 1264 1590 ἐνθεῦτεν
1304 1529 1365 1589 δὲ
1401 1529 1744 1610 ἐπιστρέψας
1785 1529 1908 1591 ὀπί-

293 1642 396 1676 σω
428 1614 533 1692 ἦῖε·
575 1618 668 1677 καὶ
703 1618 829 1677 ἐπεί
855 1643 919 1678 τε
950 1616 1169 1699 ἐγένετο
1206 1618 1299 1678 ἐπὶ
1334 1617 1487 1678 Φάσι
1523 1623 1773 1698 ποταμῷ,
1806 1618 1909 1680 οὐκ

291 1704 417 1783 ἔχω
446 1704 511 1765 τὸ
539 1706 790 1781 ἐνθεῦτεν
815 1704 1083 1783 ἀτρεκέως
1121 1702 1309 1777 εἰπεῖν,
1338 1706 1448 1766 εἴτε
1484 1705 1649 1770 αὖτὸς
1677 1706 1708 1766 ὁ
1736 1708 1907 1783 βασι-

291 1791 435 1856 λεῦς
469 1791 790 1870 Σέσωστρις
820 1791 1252 1870 ἀποδασάμενος
1275 1797 1384 1869 τῆς
1402 1796 1603 1854 ἑωυτοῦ
1636 1799 1905 1872 στρατιῆς

273 1905 284 1912 ·
291 1880 504 1959 μόριον
530 1879 672 1943 ὅσον
698 1881 767 1958 δή
787 1881 957 1942 αὐτοῦ
978 1881 1246 1942 κατέλιπε
1242 1886 1371 1989 arsis
1388 1881 1574 1962 χώρης
1595 1882 1902 1960 οἰκήτορας,

293 1969 418 2029 εἴτε
454 1973 564 2030 τῶν
593 1972 737 2035 τινὲς
776 1968 1158 2047 στρατιωτέων
1196 1973 1269 2049 τῇ
1308 1970 1498 2049 πλάνῃ
1531 1968 1702 2031 αὐτοῦ
1741 1970 1907 2051 οἷχθε-

290 2055 550 2128 σθέντες,
576 2058 704 2137 περὶ
729 2056 912 2118 Φάσιν
935 2058 1194 2136 ποταμὸν
1221 2057 1564 2134 κατέμειναν.

387 2147 684 2208 Φαίνονται
707 2149 812 2223 μὲν
849 2172 962 2228 γαρ
1000 2145 1181 2211 ἐόντες
1206 2173 1262 2207 οι
1298 2145 1523 2226 Κόλχοι
1549 2145 1863 2228 Αἰγυπτιοι·
1885 2150 2002 2209 104

291 2231 520 2309 νοήσας
546 2233 607 2294 δὲ
639 2233 913 2312 πρότερον
948 2232 1116 2298 αὖτος
1144 2232 1183 2311 ἢ
1219 2232 1467 2297 ακούσας
1503 2232 1710 2304 ἄλλων,
1738 2235 1906 2317 λέγω·

292 2320 378 2385 οἷς
404 2320 466 2382 δέ
488 2348 588 2399 μοι
614 2326 673 2383 ἐν
711 2322 967 2401 φροντίδι
1004 2320 1240 2403 ἐγένετο,
1275 2319 1502 2399 εἰρόμην
1533 2319 1907 2400 ἀμφοτέρους·

292 2435 400 2469 και
427 2413 655 2486 μᾶλλον
691 2414 744 2471 οἱ
787 2409 1011 2490 Κόλχοι
1043 2408 1348 2487 ἐμεμνέατο
1379 2413 1489 2469 τῶν
1527 2410 1907 2490 Αἰγυπτίων
1869 2437 1908 2523 η

292 2500 357 2559 οἱ
402 2497 698 2580 Αἷγυπτιοι
736 2502 849 2559 τῶν
890 2497 1154 2577 Κόλχων·
1208 2498 1489 2613 νομίζειν
1494 2497 1542 2558 δ’
1586 2500 1809 2575 ἔφασαν
1854 2526 1910 2560 οι

291 2585 605 2667 Αιγῦπτιοι
628 2591 729 2664 τῆς
756 2585 1114 2665 Σεσώστριος
1140 2589 1409 2664 στρατιῆς
1436 2586 1575 2648 εἶναι
1598 2614 1729 2653 τους
1755 2587 1907 2648 Κόλ-

292 2700 459 2756 χους.
541 2674 707 2739 αῦτός
758 2675 819 2735 δὲ
859 2674 1061 2736 εἴκασα
1099 2675 1250 2754 τῇδε,
1298 2676 1392 2735 καὶ
1430 2674 1518 2736 ὅτι
1556 2674 1910 2759 μελάγχροές

294 2767 417 2824 εἶσι
446 2763 539 2823 καὶ
566 2761 910 2842 οὐλότριχες·
954 2763 1047 2823 καὶ
1084 2767 1256 2824 τοῦτο
1291 2765 1396 2840 μὲν
1421 2767 1478 2828 ἐς
1511 2763 1668 2825 οὐδὲν
1699 2764 1907 2842 ἀνήκει·

294 2850 419 2913 εἰσὶ
440 2853 554 2933 γὀἶρ
583 2851 677 2912 καὶ
704 2852 880 2929 ἕτεροι
905 2855 1168 2913 τοιοῦτοι·
1210 2850 1366 2911 ἀλλὰ
1397 2852 1611 2913 τοισιὸε
1647 2854 1738 2912 καὶ
1762 2857 1909 2931 μᾶλ-

292 2943 426 3012 λον,
453 2938 543 3001 ὅτι
568 2944 770 3018 μοῦνοι
793 2939 1014 3002 πάντων
1040 2938 1344 3017 ἀνθρώπων
1370 2938 1596 3018 Κόλχοι
1623 2939 1715 2998 καὶ
1740 2939 1909 3021 Αἷγῦ-

294 3054 460 3089 πτιοι
514 3029 610 3088 καὶ
661 3029 926 3092 Αἰθίοπες
978 3026 1408 3104 περιτάμνονται
1461 3025 1555 3084 ἀπ’
1610 3026 1788 3105 ἀρχῆς
1836 3026 1909 3088 ‘td

294 3116 508 3178 αἰδοῖα·
553 3116 805 3180 Φοίνικες
839 3116 899 3175 δὲ
936 3116 1029 3174 καὶ
1061 3114 1232 3190 Σύροι
1258 3116 1313 3172 οἱ
1349 3117 1408 3172 ἐν
1441 3117 1513 3192 τῇ
1549 3115 1910 3194 Παλαιστίνῃ

297 3204 402 3266 καὶ
427 3203 588 3265 αὐτοὶ
614 3202 997 3286 ὁμολογέουσι
1021 3200 1152 3279 παρ’
1173 3200 1491 3282 Αἶγυπίων
1513 3201 1910 3278 μεμαθηκέναι,

297 3290 505 3372 Σύριοι
542 3293 604 3354 δὲ
635 3295 691 3353 οἱ
725 3292 855 3374 περὶ
889 3289 1258 3369 Θερμώδοντα
1284 3289 1377 3348 καὶ
1404 3288 1717 3367 Παρθένιον
1741 3313 1912 3352 ποτα-
