2184 3517
308 104 409 156 104
915 106 1283 157 ἨΡΟΔΟΤΟΤ

308 187 387 264 τῷ
417 187 621 246 ἐωυτοῧ
652 185 811 246 παιδὶ
845 184 1163 264 Καμβύσῃ,
1198 189 1276 264 τῷ
1311 209 1420 263 περ
1461 184 1567 261 τήν
1598 184 1934 262 βασιληίην

310 272 509 344 ἐδίδου,
549 274 642 333 καὶ
682 273 879 333 πολλὰ
921 273 1303 350 ἐντειλάμενός
1346 276 1400 332 οἵ
1440 277 1610 349 τιμᾶν
1648 299 1712 333 τε
1747 271 1934 333 αύτόν

310 361 405 420 καὶ
441 360 500 420 εὖ
531 362 740 422 ποιέειν
764 359 833 437 ἢν
858 361 895 438 ἦ
922 359 1190 437 διάβασις
1216 360 1254 437 ἧ
1285 361 1378 420 ἐπὶ
1404 360 1800 442 Μασσαγέτας
1833 360 1932 437 μὴ

312 448 551 528 ὀρθωθῇ,
577 454 752 511 ταῦτα
781 448 1160 526 ἐντειλάμενος
1197 450 1290 508 καὶ
1321 448 1666 512 ἀποστείλας
1689 447 1933 511 τούτους

311 541 368 600 ἐς
393 538 641 615 Πέρσας,
669 536 837 601 αὐτὸς
863 537 1111 614 διέβαινε
1136 536 1235 598 τᾶν
1260 535 1518 614 ποταμὸν
1550 536 1644 609 καὶ
1677 536 1709 596 ὁ
1743 562 1928 613 στρα-

217 626 332 684 209
350 624 446 689 τὰς
489 624 671 686 αύτοῧ.
755 624 921 685 Ἐπεί
957 651 1020 686 τε
1062 625 1123 685 δὲ
1165 623 1475 703 ἐπεραιώθη
1520 623 1623 686 τᾶν
1655 623 1926 701 Ἀράξεα,

310 712 504 775 νυκτὸς
530 711 894 790 ἐπελθούσης,
930 712 1040 773 εἶδε
1065 712 1197 792 ὄψιν
1223 713 1392 773 εὕδων
1430 718 1490 773 ἐν
1526 716 1638 773 τῶν
1665 718 1927 772 Μασσα·

308 800 513 882 γετέων
548 803 623 879 τῇ
659 799 816 880 χώρῃ
849 800 1085 876 τοιήνδε·
1129 799 1311 861 ἐδόκεε
1337 799 1370 861 ὁ
1396 803 1585 878 Κῦρος
1625 805 1683 860 ἐν
1713 803 1792 880 τῷ
1813 799 1924 861 ὕπ-

311 914 388 967 νῳ
428 887 565 966 ὁρᾶν
602 893 713 949 τῶν
736 887 1092 952 Ὑστάσπεος
1131 889 1342 949 παίδων
1378 887 1479 950 τὸν
1516 888 1927 966 πρεσβύτατον

314 978 514 1055 ἔχοντα
555 977 647 1037 ἐπὶ
677 980 788 1037 τῶν
830 975 988 1054 ὤμων
1012 977 1307 1059 πτέρυγας,
1338 977 1432 1037 καὶ
1455 977 1692 1045 τουτέων
1714 980 1927 1055 τῇμὲν

311 1065 416 1140 τήν
438 1063 640 1143 Ἀσίην
663 1068 736 1144 τῇ
764 1065 823 1124 δὲ
854 1063 958 1140 τὴν
981 1063 1258 1142 Εὐρώπην
1284 1064 1637 1136 ἐπισκιάζειν.
1711 1064 1935 1126 Ὑστάκ

312 1161 449 1213 σπεῖ
490 1153 551 1213 δὲ
593 1157 671 1233 τῷ
711 1151 1027 1231 Ἀρσάμεος
1061 1151 1213 1212 ἐόντι
1255 1152 1414 1231 ἀνδρὶ
1442 1152 1806 1233 Ἀχαιμενίδῃ
1843 1152 1922 1229 ἦν

312 1245 423 1302 τῶν
448 1242 659 1303 παίδων
683 1245 922 1319 Δαρεῖος
945 1240 1357 1319 πρεσβύτατος,
1390 1240 1494 1300 ἐών
1530 1240 1660 1302 τότε
1690 1240 1922 1318 ἡλικίην

312 1334 369 1392 ἐς
394 1330 579 1390 εἴκοσί
599 1356 698 1390 κου
722 1330 981 1407 μάλιστα
1008 1331 1153 1389 ἔτεα·
1196 1329 1289 1388 καὶ
1316 1327 1478 1393 οὗτος
1504 1331 1920 1391 καταλέλειπτο

315 1422 375 1477 ἐν
399 1419 686 1497 Πέρσῃσι·
729 1417 793 1477 οὗ
827 1417 938 1499 γὰρ
973 1417 1092 1497 εἶχέ
1127 1444 1204 1487 κω
1232 1417 1457 1494 ἡλικίην
1487 1417 1913 1495 στρατεύεσθαι.

315 1506 435 1564 ἐπεὶ
474 1504 549 1566 ὧν
588 1505 657 1582 δὴ
690 1505 949 1587 ἐξεγέρθη
991 1505 1023 1565 ὁ
1057 1509 1262 1583 Κῦρος,
1301 1505 1479 1566 ἐδίδου
1518 1504 1697 1587 λόγον
1737 1510 1921 1587 ἑωυτῷ

313 1593 443 1671 περὶ
491 1597 594 1671 τῆς
632 1592 811 1672 ὄψιος·
860 1593 933 1657 ὦς
976 1593 1040 1652 δέ
1077 1596 1133 1653 οἶ
1186 1593 1369 1654 ἐδόκεε
1412 1591 1639 1674 μεγάλη
1685 1593 1827 1654 εἶναι
1875 1595 1918 1672 ἧ

314 1680 460 1759 ὄψις,
514 1682 761 1745 καλέσας
811 1680 1143 1742 Ὑστάσπεα
1199 1682 1293 1743 καὶ
1344 1681 1658 1758 α’πολαβών
1706 1687 1921 1759 μοῦνον

321 1770 461 1830 εἶπε·
521 1780 557 1807 “
568 1769 914 1843 Ὕστασπες,
955 1773 1089 1834 παῖς
1126 1769 1231 1834 σός
1266 1768 1649 1847 ἐπιβουλεύων
1689 1771 1820 1849 ἐμοί
1850 1797 1919 1833 τε

316 1858 410 1919 καὶ
430 1862 504 1939 τῇ
531 1862 639 1939 ἐμῇ
665 1858 814 1939 ἀρχῇ
839 1858 1065 1919 ἑάλωκε·
1096 1858 1167 1922 ὥς
1191 1859 1252 1919 δὲ
1279 1862 1458 1959 ταῦτα
1480 1858 1747 1936 ἀτρεκέως
1771 1860 1917 1932 οἴδα,

317 1947 427 2029 ἐγώ
466 1948 746 2026 σημανέω·
805 1952 936 2026 ἐμεῦ
980 1948 1101 2009 θεοὶ
1141 1947 1415 2024 κηδέαται,
1460 1948 1557 2007 καί
1591 1973 1692 2024 μοι
1729 1948 1919 2010 πάντα

315 2034 739 2114 προδεικνύουσι
781 2035 857 2096 τὰ
898 2034 1291 2113 ἐπιφερόμενα·
1343 2035 1452 2112 ἤδη
1490 2033 1564 2095 ὧν
1603 2040 1662 2095 ἐν
1699 2040 1771 2115 τῇ
1809 2062 1918 2096 πα-

313 2124 615 2204 ροιχομένῃ
655 2123 810 2185 νυκτὶ
856 2122 1037 2194 εὕδων,
1074 2123 1223 2184 εἶδον
1260 2127 1372 2185 τῶν
1411 2127 1531 2183 σῶν
1568 2124 1780 2184 παίδων
1815 2124 1920 2187 τᾶν

314 2211 713 2325 πρεσβύτατον
753 2213 954 2292 ἔχοντα
999 2213 1094 2271 ἐπὶ
1134 2215 1245 2272 τῶν
1288 2236 1448 2289 ωμων
1485 2212 1780 2294 πτέρυγας,
1822 2214 1919 2273 καὶ

314 2302 553 2362 τουτέων
599 2305 674 2381 τῇ
717 2302 822 2378 μὲν
863 2299 969 2377 τὴν
1011 2299 1216 2376 Ἀσίην
1266 2304 1339 2379 τῇ
1387 2300 1447 2359 δὲ
1491 2324 1598 2376 την
1640 2299 1920 2378 Εὐρώπην

316 2389 673 2462 ἐπισκιάζειν·
715 2388 891 2450 οὔκων
927 2389 1051 2449 ἐστὶ
1081 2413 1308 2469 μηχανη
1335 2387 1449 2448 οἷπο
1473 2392 1575 2464 τῆς
1601 2386 1763 2468 ὄψιος
1786 2389 1920 2450 ταύ-

314 2504 416 2556 της
456 2478 700 2557 οὐδεμία,
742 2503 809 2538 το
841 2477 923 2555 μὴ
960 2480 1140 2538 κεῖνον
1182 2474 1569 2553 ἐπιβουλεύειν
1615 2477 1759 2554 ἐμοί·
1838 2478 1919 2539 σι)

314 2567 500 2627 τοίνυν
537 2565 644 2643 τήν
682 2567 959 2678 ταχίστην
982 2564 1218 2643 πορεύεο
1244 2564 1428 2625 ὀπίσω
1459 2569 1516 2628 ἐς
1539 2565 1788 2643 Πέρσας,
1822 2568 1919 2628 καὶ

316 2654 471 2713 ποίεε
506 2653 646 2717 ὅκως
679 2653 850 2713 ἐπεαν
889 2653 998 2735 ἐγω
1034 2653 1168 2714 τάδε
1208 2651 1732 2732 καταστρεψάμενος
1770 2654 1919 2716 ἔλθω

318 2744 444 2815 ἐκεῖ,
497 2741 568 2806 ὥς
617 2766 717 2818 μοι
766 2740 1149 2844 καταστήσῃς
1174 2741 1276 2803 τὸν
1314 2742 1488 2802 παῖδα
1531 2747 1586 2806 ἐς
1632 2743 1918 2824 ἔλεγχον.”

222 2825 339 2885 210
359 2827 548 2902 Κῦρος
580 2826 686 2900 μὲν
711 2821 914 2884 δοκεων
939 2821 1182 2901 Δαρεῖόν
1221 2849 1275 2883 οι
1311 2822 1713 2900 ἐπιβουλεύειν,
1757 2827 1918 2907 ἔλεγε

315 2912 598 2991 τάδε·τῷ
649 2912 709 2971 δὲ
756 2939 788 2972 ο
835 2911 1045 2990 δαίμων
1094 2913 1419 2990 προέφαινε,
1473 2937 1546 2975 ως
1596 2910 1761 2976 αὐτος
1811 2916 1918 2991 μὲν

314 2999 671 3077 τελευτήσειν
719 2998 890 3060 αὐτοῦ
940 2999 1116 3080 ταύτῃ
1173 3001 1383 3078 μέλλοι
1431 2999 1470 3075 ἤ
1528 3000 1588 3059 δὲ
1630 3001 1917 3079 βασιληίη

317 3087 489 3149 αὐτοῦ
525 3089 855 3168 περιχωρέοι
894 3093 951 3153 ἐς
985 3092 1242 3165 Δαρεῖον.
1326 3086 1625 3165 ἀμείβεται
1657 3087 1727 3163 δὴ
1770 3086 1845 3149 ὧν
1882 3092 1918 3151 ὁ

315 3173 648 3252 Ὑστάσπης
670 3176 882 3237 τοῖσδε·
927 3183 963 3213 “
979 3174 1024 3234 ὦ
1055 3177 1326 3252 βασιλεῦ,
1351 3173 1433 3251 μὴ
1475 3173 1560 3250 εἴη
1601 3173 1742 3252 ἀνὴρ
1768 3177 1918 3254 Πέρ-

316 3284 429 3337 σης
473 3263 715 3343 γεγονῶς
763 3262 924 3326 ὅστις
971 3288 1063 3323 τοι
1111 3260 1527 3337 ἐπιβουλεύσει,
1586 3264 1634 3321 εἷ
1684 3261 1733 3321 δ’
1775 3264 1915 3339 ἔστι,
