2184 3517
350 86 449 135 232
950 85 1317 135 ΗΡοΔοτοτ
1819 84 1952 148 [111.

348 163 671 225 ἀποπίπτει·
710 164 998 245 γυμνωθὲν
1028 163 1088 223 δὲ
1124 162 1191 223 τό
1227 163 1393 239 ξίφος
1426 164 1580 225 παίει
1614 164 1719 225 τόν
1747 163 1956 242 μηρόν·

343 252 747 330 τρωματισθεὶς
777 252 837 311 δὲ
874 250 1014 311 κατὰ
1040 254 1208 311 τοῦτο
1245 255 1320 329 τῇ
1347 250 1513 314 αὐτὸς
1542 251 1820 329 πρότερον
1852 252 1959 314 τὸν

342 344 454 401 τῶν
473 340 788 421 Αἰγυπτίων
814 337 943 400 θεόν
959 338 1135 399 ''A-mv
1160 339 1384 413 ἔπληξε,
1407 337 1479 402 ὦς
1504 341 1560 400 οἱ
1585 340 1772 417 καιρίῃ
1799 340 1959 410 ἔδοξε

345 428 634 504 τετύφθαι,
663 428 838 502 εἴρετο
864 425 897 487 ὁ
924 425 1325 504 Καμβύσης
1291 454 1324 487 ο
1364 452 1422 486 τι
1450 431 1522 505 τῇ
1558 426 1701 487 πόλι
1741 427 1960 504 οὔνομ-α

346 517 467 593 εἴης
509 519 565 576 οἶ
588 516 649 575 δὲ
676 516 838 575 εἶπαν
864 513 951 575 ὅτι
974 512 1327 595 Ἀγβάτανα·
1367 517 1446 593 τῷ
1480 514 1542 574 δὲ
1568 516 1649 574 ἔτι
1677 515 1959 593 πρότερον

346 602 610 682 ἐκέχρητο
637 607 697 661 ἐκ
724 605 969 666 Βουτοῦς
994 601 1212 672 πόλιος,
1241 606 1300 661 ἐν
1322 600 1740 682 Ἀγβατάνοισι
1762 607 1959 664 τελευ-

342 689 541 767 τήσειν
588 689 689 751 τὸν
740 690 893 766 βίον·
946 687 981 750 ὅ
1032 692 1139 767 μὲν
1191 688 1261 765 δή
1315 693 1375 750 ἐν
1424 692 1581 750 τοῖσι
1637 690 1960 766 Μηδικοῖσι

344 776 755 858 Ἀγβατάνοισι
795 776 978 838 ἐδόκεε
1015 776 1377 852 τελευτήσειν
1413 776 1663 857 γηραιός,
1696 782 1758 838 ἐν
1793 780 1965 840 τοῖσί

344 868 398 926 οἱ
428 864 500 941 ἦν
530 865 714 927 πάντα
743 864 815 925 τοὶ
853 864 1176 945 πρήγματα,
1201 864 1268 924 τὰ
1310 864 1370 923 δὲ
1409 863 1760 943 χρηστήριον
1794 869 1959 927 τοῖσι

348 958 407 1013 ἐν
433 954 607 1033 Συρίῃ
645 951 1056 1034 Ἀγβατάνοισι
1098 953 1259 1034 ἔλεγε
1297 977 1425 1029 αρα·
1467 952 1561 1035 καὶ
1600 952 1669 1028 δὴ
1713 979 1786 1017 ως
1823 952 1959 1014 τότε

345 1042 722 1119 ἐπειρεόμενος
776 1040 1010 1102 ἐπύθετο
1047 1042 1153 1115 τῆς
1189 1037 1391 1103 πόλιος
1440 1038 1510 1099 τὰ
1558 1064 1788 1117 ουνομα,
1840 1041 1958 1103 im?

341 1133 445 1206 τῆς
471 1133 771 1207 συμφορῆς
806 1133 907 1204 τῆς
930 1153 993 1188 τε
1030 1132 1090 1186 ἐκ
1126 1131 1228 1187 τοῦ
1255 1127 1463 1209 Μάγου
1489 1130 1959 1210 ἐκπεπληγμένος

345 1217 439 1277 καὶ
474 1222 576 1278 τοῦ
621 1216 908 1294 τρώματος
956 1214 1344 1291 ἐσωφρόνησε·
1424 1215 1746 1292 συλλαβων
1784 1217 1848 1276 δὲ
1883 1217 1958 1280 τὸ

346 1304 683 1382 θεοπρόπιον
724 1304 863 1364 εἶπε·
915 1313 951 1340 “
969 1303 1212 1364 ἐνθαῦτα
1252 1302 1582 1380 Καμβύσεα
1622 1302 1726 1364 τᾶν
1759 1305 1956 1382 Κύρου

345 1393 469 1452 ἐστὶ
494 1392 853 1469 πεπρωμένον
875 1387 1194 1452 τελευτᾶν.”

250 1478 325 1536 65
421 1479 561 1540 Τότε
586 1482 689 1555 μὲν
711 1482 981 1539 τοσαῦτα·
1021 1477 1268 1557 ἡμέρῃσι
1299 1477 1360 1538 δὲ
1395 1477 1634 1555 ὕστερον
1659 1477 1734 1543 ὥς
1771 1479 1955 1541 εἴκοσι

339 1566 840 1644 μεταπεμψάμενος
861 1567 1132 1644 Περσέων
1155 1570 1266 1626 τῶν
1291 1566 1610 1643 παρεόντων
1632 1566 1770 1631 τούς
1792 1572 1952 1649 λογι-

313 1653 639 1731 ,μωτάτους,
673 1654 834 1734 ἔλεγέ
866 1660 979 1731 σφι
1018 1653 1172 1714 τάδε·
1214 1664 1249 1692 “
1266 1653 1309 1713 ὦ
1354 1655 1597 1731 Πέρσαι,
1636 1655 1956 1717 καταλελά-

338 1743 489 1819 βηκέ
520 1768 594 1820 με
631 1741 699 1802 τὸ
740 1741 958 1804 πάντων
996 1741 1255 1819 μάλιστα
1297 1743 1567 1819 ἔκρυπτον
1605 1743 1956 1823 πρηγμάτων

337 1834 503 1891 τοῦτο
530 1835 586 1894 ἐς
610 1829 782 1907 ύμέας
817 1834 1073 1908 ἐκφῆναι.
1157 1829 1266 1911 ἐγὼ
1292 1829 1420 1910 γὰρ,
1450 1828 1553 1891 ἐῶν
1570 1834 1640 1890 ,ἐν
1665 1830 1953 1911 Αἰγύπτῳ,

344 1917 489 1978 εἶδον
540 1916 673 1996 ὅψιν
713 1922 772 1978 ἐν
810 1921 888 1996 τῷ
925 1917 1079 1996 ὕπνῳ
1120 1915 1226 1992 τήν
1264 1916 1498 1995 μηδαμὰ
1539 1915 1757 1992 ὄφελον
1797 1918 1952 1980 ἰδεῖν·

339 2003 558 2066 ἐδόκεον
582 2005 647 2065 δέ
667 2032 768 2082 μοι
793 2005 1039 2087 ἄγγελον
1064 2003 1307 2066 ἐλθόντα
1334 2005 1398 2074 ἐξ
1427 2005 1581 2067 οἴκου
1618 2004 1952 2086 ἀγγέλλειν,

337 2091 409 2160 ὥς
440 2095 678 2172 Σμέρδις
717 2093 967 2171 ἱζόμενος
998 2095 1055 2156 ἐς
1090 2091 1192 2153 τὸν
1222 2093 1537 2168 βασιλήϊον
1574 2091 1776 2170 θρόνον
1810 2100 1951 2171 ψαύ-

335 2205 457 2242 σειε
494 2187 566 2261 τῇ
608 2185 833 2261 κεφαλῇ
871 2183 974 2241 τοῦ
1016 2179 1274 2257 ούρανοῦ·
1327 2180 1520 2244 δείσας
1559 2180 1619 2239 δὲ
1656 2181 1742 2257 μὴ
1783 2180 1952 2242 άπαι-

334 2269 505 2345 ρεθέω
570 2296 675 2347 την
737 2267 921 2348 α’ρχήν
986 2267 1130 2345 πρός
1180 2271 1285 2327 τοῦ
1345 2266 1647 2342 ἀδελφεοῦ,
1703 2269 1952 2344 ἐποίησα

336 2358 614 2437 ταχύτερα
639 2357 677 2434 ἢ
710 2357 1031 2434 σοφωτερα·
1073 2359 1136 2415 ἐν
1169 2360 1242 2434 τῇ
1274 2381 1387 2436 γαρ
1422 2353 1744 2433 ἀνθρωπηίῃ
1772 2355 1950 2431 φύσει

338 2472 437 2506 ουκ
478 2452 608 2524 ἐνῆν
638 2472 747 2523 αρα
780 2445 847 2506 τὸ
882 2446 1103 2521 μέλλον
1140 2441 1471 2524 γίνεσθαι’
1433 2445 1792 2521 αποτρέπειν·
1832 2444 1948 2525 ἐγω

339 2533 398 2592 δὲ
451 2532 486 2594 ό
536 2533 771 2611 μάταιος
838 2531 1194 2608 Πρηξάσπεα
1253 2529 1570 2607 αποπέμπω
1633 2536 1689 2594 ἐς
1748 2533 1949 2596 Σοῦσα

338 2619 740 2681 ἀποκτενέοντα
814 2619 1070 2696 Σμέρδιν·
1161 2618 1592 2700 ἐξεργασθέντος
1649 2618 1712 2677 δε
1771 2624 1948 2679 κακοῦ

336 2706 612 2767 τοσούτου
638 2706 809 2770 ἀδεῶς
835 2705 1154 2784 διαιτώμην,
1184 2705 1400 2782 ούδιψωὶ
1439 2705 1835 2782 ἐπιλεξάμενος
1858 2707 1947 2783 μή

338 2794 471 2854 κοτέ
504 2793 589 2858 τίς
621 2820 737 2870 μοι,
775 2793 1044 2871 Σμέρδιος
1082 2793 1550 2870 ὑπαραιρημένου,
1588 2792 1771 2857 ἄλλος
1812 2799 1948 2858 ἐπα-

338 2881 577 2957 ναοταίη
596 2880 918 2958 ἀνθρώπων·
944 2879 1155 2943 παντδς
1172 2880 1233 2939 δὲ
1249 2884 1351 2940 τοῦ
1368 2881 1682 2957 μέλλοντος
1708 2882 1949 2941 ἔσεσθαι

338 2963 611 3041 ἆμαρτων,
645 2966 1086 3045 ἀδελφεοκτόνος
1125 2992 1204 3038 τε,
1234 2967 1391 3027 οῦδὲν
1426 2968 1568 3037 δέον,
1593 2969 1821 3049 γέγονα,
1847 2971 1948 3029 καὶ

335 3053 435 3121 τῆς
457 3053 768 3129 βασιληιης
794 3050 1012 3113 ουδεν
974 3079 1165 3128 ησσον
1200 3056 1525 3132 ἐστέρημαι·
1568 3056 1806 3133 Σμέρδις
1830 3056 1946 3136 γὰρ

342 3132 468 3205 δὴ’
432 3158 502 3205 ην
527 3137 559 3194 ὁ
590 3137 807 3217 Μάγος,
843 3139 944 3198 τόν
980 3165 1082 3215 μοι
1113 3140 1146 3200 ὁ
1177 3141 1388 3218 δαίμων
1432 3143 1744 3219 προέφαινε
1777 3147 1839 3202 ἐν
1867 3147 1948 3221 τῇ

344 3210 471 3286 Οψει
495 3222 1008 3296 ἐπαναστήσεσθαι.
1088 3225 1157 3286 τὰ
1176 3229 1285 3302 μὲν
1310 3228 1441 3304 δή”
1412 3255 1577 3310 εργον
1602 3229 1954 3312 ἐξέργασταί
