2184 3517
238 110 463 177 51-55]
827 113 1283 166 MEAIIOMENH.
1748 117 1842 165 301

239 191 386 251 κατὰ
419 189 648 272 γνώμας
678 192 780 257 τοὶς
813 192 1102 271 ἡμετέρας,
1132 191 1252 254 οὔτι
1283 196 1491 271 μοῦνον
1516 196 1627 255 τῶν
1654 194 1850 259 Σκυθι-

238 281 351 337 κῶν
385 282 669 356 ποταμῶν,
699 279 856 339 άλλοὶ
898 282 991 339 καὶ
1028 285 1141 340 τῶν
1171 279 1364 341 ἄλλων
1393 279 1663 352 ἁπάντων,
1695 281 1851 359 πλὴν

238 366 461 426 Νείλου
490 371 593 427 τοῦ
633 367 960 448 Αἰγυπτίου·
1002 366 1181 448 τούτῳ
1217 369 1327 453 γοὶρ
1361 368 1462 428 οὖκ
1504 367 1595 428 οἶά
1630 395 1693 430 τε
1719 375 1843 430 ἐστι

235 455 595 530 συμβαλέειν
624 453 807 515 ἄλλον
844 455 1121 533 ποταμόν·
1165 460 1275 517 τῶν
1318 456 1379 516 δὲ
1417 459 1633 517 λοιπῶν
1674 463 1848 535 Βορυ-

234 542 447 618 σθένης
474 543 599 602 ἐστὶ
623 543 1133 620 πολυαρκέστατος,
1162 543 1225 608 ὂς
1251 543 1424 622 νομάς
1446 570 1511 605 τε
1537 545 1850 609 καλλίστας

235 629 333 688 καὶ
385 628 855 706 εὐκομιδεστάτας
908 630 1138 706 κτήνεσι
1178 632 1500 712 παρέχεται,
1547 630 1740 712 ἰχθύας
1784 658 1848 692 τε

233 716 506 793 οἷρίστους
531 718 810 796 διακριδὸν
839 718 931 778 καὶ
955 718 1279 783 πλείστους·
1316 719 1584 780 πίνεσθαί
1605 746 1667 780 τε
1687 718 1846 796 ἥδισ-

230 805 334 868 τός
365 809 509 865 ἐστι·
550 807 663 883 ῥέει
694 832 757 865 τε
783 804 1037 884 ’καθαρὸς
1074 806 1230 884 παροὶ
1273 807 1583 885 θολεροῖσι·
1629 808 1845 887 σπόρος

230 917 299 951 τε
339 892 471 970 παρ’
498 892 668 954 αὖτὸν
693 892 926 971 ἄριστος
958 894 1189 975 γίνεται·
1231 895 1367 970 ποίη
1392 921 1470 966 τε,
1497 900 1570 974 τῇ
1597 895 1661 956 οὗ
1688 898 1844 957 σπεί-

215 1004 394 1058 ,ρεται
432 979 471 1058 ἦ
508 981 683 1059 χώρη,
724 981 1040 1058 βαθυτάτη·
1089 980 1224 1046 ἅλες
1257 1007 1322 1043 τε
1362 984 1453 1042 ἐπὶ
1491 988 1570 1062 τῷ
1600 984 1845 1061 στόματι

229 1067 410 1128 αὐτοῦ
451 1068 757 1147 αὐτόματοι
795 1069 1104 1151 πήγνυνται
1144 1068 1399 1130 ἄπλετοι·
1442 1069 1612 1147 κήτεά
1648 1097 1711 1132 τε
1745 1098 1840 1150 με·

226 1155 394 1236 γάλα
425 1155 723 1228 ἀνάκανθα,
750 1157 825 1218 τοὶ
855 1157 1186 1222 ἀντακαίους
1222 1158 1506 1228 καλέουσι,
1539 1160 1842 1238 παρέχεται

227 1248 293 1306 ἐς
319 1245 656 1323 ταρίχευσιν,
675 1244 831 1305 ἅλλα
855 1271 920 1306 τε
943 1245 1141 1305 πολλὰ
1167 1245 1460 1323 θωυμάσαι
1484 1244 1630 1316 ἄξια.
1670 1248 1841 1326 μέχρι

224 1332 342 1409 μέν
366 1358 463 1393 νυν
489 1334 699 1411 Γέρρου
722 1332 923 1412 χώρου,
953 1338 1008 1396 ἐς
1031 1333 1132 1394 τᾶν
1155 1333 1571 1411 τεσσεράκοντα
1594 1334 1843 1412 ἡμερέων

225 1417 417 1484 πλόος
451 1422 591 1491 ἐστὶ,
618 1421 952 1502 γινώσκεται
986 1422 1127 1499 ῥέων
1153 1421 1267 1482 ‹in-6
1292 1422 1479 1500 βορέω
1505 1422 1730 1500 οἷνέμου·
1769 1422 1838 1484 τὸ

226 1508 297 1568 δὲ
334 1508 641 1588 κατύπερθε
671 1508 739 1568 δι’
766 1506 842 1569 ὧν
866 1509 979 1587 ῥέει
1006 1509 1325 1588 ἀνθρώπων,
1353 1509 1530 1576 οὐδεὶς
1555 1512 1670 1591 ἔχει
1696 1510 1841 1591 φρά-

225 1621 357 1655 σαι·
412 1598 670 1674 φαίνεται
710 1597 770 1656 δὲ
807 1597 946 1675 ῥέων
986 1596 1055 1657 δι’
1091 1597 1300 1676 ἐρήμου
1342 1602 1398 1663 ἐς
1437 1602 1549 1660 τῶν
1581 1603 1839 1681 γεωργῶν

227 1684 490 1747 Σκυθέων
512 1685 617 1762 τήν
634 1684 841 1765 χώρην·
876 1682 1030 1745 οὗτοι
1053 1685 1165 1766 γσῖρ
1194 1689 1248 1747 οἶ
1273 1685 1492 1751 Σκύθαι
1516 1686 1646 1765 παρ’
1668 1686 1837 1749 αὐτὸν

227 1773 329 1832 ἐπὶ
355 1773 486 1832 δέκα
510 1773 757 1850 ήμερέων
774 1772 960 1833 πλόον
977 1773 1258 1850 νέμονται.
1313 1774 1523 1853 μούνου
1548 1774 1609 1834 δὲ
1633 1774 1835 1836 τούτου

221 1864 334 1921 τοῦ
359 1865 616 1939 ποταμοῦ
643 1862 736 1920 καὶ
760 1863 988 1921 Νείλου·
1002 1862 1104 1921 οὐκ
1122 1864 1239 1943 κἔχω
1258 1862 1482 1941 φράσαι
1503 1863 1606 1927 τοῖς
1629 1863 1833 1946 πηγάς’

224 1948 403 2008 δοκέω
437 1950 514 2020 δὲ,
552 1948 679 2010 οὐδὲ
711 1949 889 2014 οὐδεὶς
925 1949 1237 2026 Ἑλλήνων.
1304 1951 1488 2034 οἷγχοῦ
1524 1977 1590 2012 τε
1630 1952 1697 2027 δὴ
1736 1954 1833 2013 θα·

222 2035 460 2114 λάσσης
496 2037 529 2099 o‘
564 2039 921 2115 Βορυσθένης
953 2039 1095 2116 ῥέων
1117 2040 1344 2120 γίνεται,
1375 2041 1473 2099 καί
1499 2042 1552 2099 οῖ
1583 2041 1831 2118 συμμίσ-

220 2149 389 2207 γεται
415 2125 447 2185 ὁ
467 2124 702 2190 ’Ὕπανις
726 2130 783 2190 ἐς
806 2124 983 2187 τῶυτό
1006 2127 1136 2190 ἕλος
1156 2127 1416 2190 ἐκδιδούς·
1448 2126 1515 2187 τό
1537 2127 1597 2186 δὲ
1621 2128 1832 2203 μεταξύ

219 2216 340 2273 τῶν
362 2219 631 2291 ποταμῶν
655 2213 865 2276 τούτων
892 2213 983 2274 ἐὰν
1010 2216 1266 2291 ἔμβολον
1289 2219 1390 2290 τῆς
1413 2213 1611 2292 χώρης,
1639 2214 1830 2275 Ἱππό-

219 2305 341 2361 λεω
360 2302 504 2379 ἄκρη
525 2304 801 2363 καλέεται·
830 2307 890 2362 ἐν
909 2302 970 2362 δὲ
987 2301 1055 2362 τὰ
1077 2301 1198 2379 ἱρὸν
1217 2301 1518 2379 Δήμητρος
1537 2302 1828 2379 ἐνίδρυται·

220 2389 405 2465 πέρην
458 2390 519 2448 δὲ
569 2394 670 2451 τοῦ
721 2392 842 2467 ἱροῦ
891 2389 984 2450 ἐπὶ
1034 2393 1113 2469 ‘'e-(2³
1153 2385 1352 2450 Ὑπάνι
1398 2389 1828 2468 Βορυσθενεῗται

223 2478 605 2553 κατοίκηνται.
661 2480 839 2538 ταῦτα
876 2480 981 2556 μὲν
1020 2477 1096 2539 τοὶ
1128 2476 1240 2538 οἷπὸ
1271 2475 1478 2539 τούτων
1511 2480 1622 2539 τῶν
1656 2500 1826 2537 ποτα-

289 2568 368 2626 “ν.
1760 2619 1772 2630 .

309 2651 477 2714 Μετὰ
525 2652 588 2713 δὲ
631 2652 862 2719 τούτους
912 2655 1168 2731 πέμπτος
1216 2653 1472 2731 ποταμός
1521 2652 1700 2718 ἄλλος
1750 2656 1828 2734 τῷ
1842 2655 1922 2713 54

220 2739 440 2819 οὔνομα
480 2741 863 2819 Παντικάπης·
903 2744 1017 2820 ῥέει
1056 2743 1118 2803 δὲ
1157 2744 1250 2802 καὶ
1289 2740 1452 2807 οὗτος
1489 2741 1602 2804 οἷπὸ
1641 2743 1828 2821 βορέω

217 2854 288 2890 τε
314 2829 409 2889 καὶ
441 2834 503 2890 ἐκ
535 2831 755 2907 λίμνης,
788 2831 880 2890 καὶ
919 2830 987 2891 τὰ
1022 2831 1231 2908 μεταξι)
1262 2831 1464 2891 τούτου
1496 2856 1559 2891 τε
1595 2833 1687 2891 καὶ
1721 2834 1823 2890 τοῦ

218 2918 608 2994 Βορυσθένεος
654 2919 914 2996 νέμονται
965 2921 1019 2978 οἳ
1057 2919 1294 3000 γεωργοὶ
1341 2918 1572 2983 Σκύθαι·
1626 2918 1832 2979 ἐκδιδοῖ

217 3004 285 3064 δὲ
326 3011 383 3070 ἐς
422 3005 531 3082 τήν
570 3006 825 3083 Ὑλαίην·
866 3006 1360 3086 παραμειψάμενος
1400 3006 1461 3065 δὲ
1502 3005 1724 3082 ταύτην,
1749 3010 1828 3086 τῷ

219 3095 568 3171 Βορυσθένεϊ
634 3095 1038 3176 συμμίσγεται.
1131 3092 1335 3156 Ἕκτος
1400 3093 1462 3152 δὲ
1525 3091 1826 3171 εΥπάκυρις
1841 3096 1921 3154 55

214 3181 496 3258 ποταμός·
538 3181 601 3246 ὃς
641 3181 883 3259 ὁρμᾶται
915 3183 1022 3259 μὲν
1057 3184 1120 3240 ἐκ
1160 3181 1375 3258 λίμνης,
1412 3180 1502 3240 διαὶ
1541 3180 1733 3258 μέσων
1766 3181 1827 3240 δὲ

209 3274 330 3329 τῶν
355 3267 894 3347 νομάδωνΣκυθέων
919 3268 1073 3346 ῥέων,
1104 3269 1309 3329 ἐκδιδοῖ
1332 3267 1475 3328 κατοὶ
1500 3271 1826 3348 Καρκινῖτιν
