2184 3517
304 129 368 178 12
900 129 1269 179 ἮΡοΔοωοτ
1659 175 1666 182 .
1836 127 1910 193 [1.

304 211 404 267 τοῦ
424 212 558 284 νηοῦ
578 210 831 287 σχοινίον
856 214 912 273 ἐς
934 208 1001 269 τὸ
1026 211 1229 287 τεῖχος·
1267 207 1390 267 ἔστι
1415 206 1475 266 δὲ
1497 205 1707 284 μεταξι)
1724 211 1826 283 τῆς
1848 233 1913 269 τε

304 299 550 371 παλαιῆς
585 295 784 359 πόλιος
817 295 856 372 ἢ
896 295 1024 356 τότε
1065 296 1450 372 ἐπολιορκέετο
1492 296 1585 353 καὶ
1614 298 1716 354 τοῦ
1757 299 1913 370 νηοῦ,

305 382 444 442 ἐπι-αἶ
468 382 705 443 στάδιοι.
756 438 763 444 .
788 383 1060 460 πρώτοισι
1081 386 1186 459 μὲν
1213 383 1281 458 δὴ
1306 381 1556 442 τούτοισι
1584 382 1913 460 ἐπεχείρησε

302 468 339 531 ὅ
365 473 632 546 Κροῖσος·
664 469 808 548 μετὰ
833 471 909 540 δὲ,
938 476 995 531 ἐν
1017 472 1174 549 μέρει
1200 468 1490 530 ἑκάστοισι
1512 467 1709 529 Ἰώνων
1730 494 1794 529 τε
1819 469 1914 528 καὶ

304 558 568 628 Αἰολέων,
611 555 846 620 ἄλλοισι
885 556 1069 623 ἄλλας
1110 559 1286 621 αἰτίας
1327 557 1620 635 ἐπιφέρων·
1658 560 1771 618 τῶν
1809 559 1915 634 μὲν

306 644 531 705 ἐδύνατο
560 646 795 722 μέζονας
822 646 1229 724 παρευρίσκειν,
1263 646 1468 721 μέζονα
1505 643 1911 721 ἐπαιτιώμενος,

209 734 284 798 27
303 734 454 792 τοῖσι
481 732 542 792 δὲ
566 731 744 794 αὐτῶν
769 733 862 793 καὶ
889 737 1085 811 φαῦλα
1119 734 1411 811 ἐπιφέρων.
1492 731 1590 795 Ὡς
1622 731 1683 791 δὲ
1713 730 1824 809 ἄρα
1855 735 1912 791 οἳ

304 825 362 881 ἐν
379 823 453 899 τῇ
472 819 641 900 Ἀσίῃ
656 818 937 897 Ἕλληνες
956 820 1385 899 κατεστράφατο
1412 824 1467 883 ἐς
1489 818 1672 896 φόρου
1689 818 1910 900 α’παγω-

299 906 425 989 γῆν,
446 906 513 967 τὸ
539 907 787 969 ἐνθεῦτεν
806 908 1025 969 ἐπενόεε
1047 910 1173 972 νέας
1191 907 1568 985 ποιησάμενος
1588 908 1912 987 ἐπιχειρέειν

300 997 455 1055 τοῖσι
479 993 806 1074 νησιώτῃσι·
845 994 1043 1057 ἐόντων
1065 995 1129 1055 δέ
1152 998 1205 1055 οἰ
1229 995 1450 1056 πάντων
1474 995 1703 1072 ἑτοίμων
1727 999 1783 1058 ἐς
1804 994 1910 1071 τήν

300 1084 625 1164 ναυπηγίην,
654 1087 708 1142 οἰ
731 1086 836 1160 μὲν
861 1083 1071 1144 Βίαντα
1103 1084 1340 1164 λέγουσι
1372 1082 1474 1143 τόν
1497 1081 1749 1159 Πριηνέα
1780 1081 1909 1141 άπι-

301 1168 535 1248 κόμενον
570 1175 626 1234 ἐς
651 1169 853 1247 Σάρδις
884 1173 939 1230 οἶ
963 1169 1024 1230 δὲ
1055 1169 1341 1231 Πιττακὸν
1372 1169 1473 1230 τᾶν
1503 1172 1906 1244 Μυτιληναῖον,

301 1258 584 1335 εἰρομένου
606 1259 861 1336 Κροίσου
886 1258 1015 1319 εἴτι
1035 1259 1119 1335 εἴη
1136 1257 1399 1336 νεώτερον
1420 1257 1547 1334 περὶ
1571 1254 1676 1333 τήν
1698 1255 1907 1316 Ἐλλά-

300 1345 388 1416 δα,
437 1344 661 1405 εἰπόντα
708 1345 841 1406 τάδε
894 1350 1251 1407 καταπαῦσαι
1298 1344 1403 1421 τὴν
1446 1344 1772 1424 ναυπηγίην·
1820 1342 1907 1403 “81

300 1433 568 1509 βασιλεῦ,
620 1436 887 1508 νησιῶται
940 1431 1113 1494 ἵππον
1169 1432 1531 1494 συνωνέονται
1569 1429 1796 1508 μυρίην,
1847 1435 1908 1495 ἐς

303 1518 504 1597 Σάρδις
537 1544 601 1580 τε
635 1520 727 1579 καὶ
761 1520 852 1580 ἐπὶ
885 1522 955 1580 σὲ
989 1520 1208 1599 ἔχοντες
1244 1525 1304 1581 ἐν
1337 1523 1415 1599 νῷ
1444 1516 1850 1597 στρατεύεσθαι
1858 1518 1907 1560 ·”

300 1610 555 1684 Κροῖσον
579 1607 640 1666 δὲ
673 1607 983 1668 ἐλπίσαντα
1009 1608 1198 1688 λέγειν
1230 1610 1436 1668 ἐκεῖνον
1467 1606 1681 1683 ἀληθέα
1711 1610 1905 1668 εἰπεῖν·

301 1693 404 1754 “αἲ
437 1693 548 1775 γὰρ
581 1698 746 1755 τοῦτο
785 1695 902 1755 θεοὶ
941 1694 1238 1771 ποιήσειαν
1278 1694 1369 1755 ἐπὶ
1408 1693 1541 1755 νόον
1577 1693 1902 1773 νησιώτῃσι,

301 1782 488 1842 ἐλθεῖν
513 1781 605 1841 ἐπὶ
636 1783 831 1844 Λυδῶν
855 1783 1057 1847 παῖδας
1088 1782 1196 1843 σῦν
1222 1781 1497 1843 {moun-'⁹
1534 1782 1635 1843 τὸν
1669 1781 1732 1842 δὲ
1761 1781 1904 1842 ὖπο-

297 1869 558 1945 λαβόντα
584 1868 777 1946 φάναι·
818 1869 905 1930 *ῑῶ
936 1872 1205 1947 βασιλεῦ,
1232 1868 1527 1948 προθύμως
1554 1894 1654 1947 μοι
1680 1870 1905 1946 φαίνεαι

300 1955 568 2027 εὔξασθαι
601 1957 875 2033 νησιώτας
911 1959 1309 2035 ἱππευομένους
1346 1959 1553 2034 λαβεῖν
1588 1962 1649 2017 ἐν
1676 1956 1901 2037 ἠπείρῳ,

300 2042 491 2106 οἰκότα
530 2046 783 2116 ἐλπίζων·
830 2044 1106 2121 νησιώτας
1144 2045 1205 2105 δὲ
1247 2046 1309 2106 τί
1343 2045 1548 2109 δοκέεις
1584 2043 1902 2127 [ευχεσθαι]

299 2129 479 2203 ἄλλο,
489 2129 641 2213 [ἢ,]’
615 2132 738 2192 επεί
755 2157 820 2193 τε
841 2132 1087 2212 τάχιστα
1115 2132 1382 2194 ἐπυθοντό
1404 2157 1475 2193 σε
1497 2134 1837 2210 μέλλοντα’
1811 2133 1901 2193 επὶ

262 2211 476 2315 ἷσφίσι
500 2220 911 2301 ναυπηγέεσθαι
934 2222 1075 2291 νέας,
1097 2218 1359 2296 λαβεῖν’
1322 2245 1594 2301 ag-ggvoe
1611 2218 1870 2304 Λυδοῧς’
1842 2245 1903 2280 εν

264 2263 661 2387 θαλάσσῃ,“’
635 2332 723 2367 ινα
771 2306 910 2417 ὑπὲρ
952 2311 1064 2368 τῶν
1118 2312 1178 2368 ἐν
1228 2310 1303 2387 τῇ
1345 2306 1552 2386 ἦπείρω
1602 2307 1903 2384 οἰκημένων

294 2390 584 2470 Ελλήνων
627 2395 895 2455 τίσωνταί
934 2419 1020 2465 σε,
1066 2419 1197 2458 τους
1242 2419 1318 2454 συ
1363 2392 1656 2459 δουλώσας
1697 2393 1900 2476 ἔχεις;”

299 2480 473 2559 κάρτα
495 2507 558 2541 τε
574 2480 821 2559 ἡσθῆναι
846 2484 1102 2559 Κροῖσον
1125 2486 1203 2561 τῷ
1227 2480 1485 2563 ἐπιλόγῳ,
1508 2482 1605 2541 καί
1625 2485 1680 2541 οἶ
1699 2482 1900 2561 (προσ-

298 2568 478 2644 φυέως
507 2566 616 2649 γοῖρ
654 2567 810 2638 δόξαι
843 2569 1052 2650 λέγειν)
1077 2567 1406 2645 πειθόμενον
1441 2567 1769 2630 παυσασθαι
1800 2571 1901 2644 τῆς

295 2656 619 2735 ναυπηγίης·
667 2655 761 2713 καὶ
801 2654 941 2716 οὕτω
979 2659 1134 2716 τοῖσι
1171 2680 1272 2720 τας
1310 2654 1518 2732 νήσους
1554 2655 1902 2776 οἰκημένοισι

285 2740 448 2801 Ἴωσι
473 2742 676 2818 ξεινίην
699 2740 1063 2818 συνεθήκατο.
1149 2775 1162 2785 -
1233 2781 1244 2786 -
1305 2747 1326 2814 1
1911 2821 1920 2824 -

199 2829 276 2891 28
376 2826 597 2906 Χρόνου
622 2829 736 2887 δὲ’
709 2832 1105 2910 επιγινομένου,
1128 2831 1221 2891 καὶ
1246 2829 1743 2910 κατεστραμμένων
1764 2855 1899 2909 σχε-

293 2914 391 2977 δᾶν
434 2913 652 2976 πάντων
694 2919 805 2976 τῶν
847 2916 998 2982 ἐντός
1031 2916 1245 2982 Ἀλυος
1283 2923 1539 2995 ποταμοῦ
1579 2918 1898 2994 οἰκημένων·

293 3003 448 3079 πλὴν
478 3001 591 3084 γὰρ
626 3004 874 3064 Κιλίκων
907 3004 999 3063 καὶ
1029 3006 1263 3076 Λυκίων,
1289 3005 1417 3069 τούς
1442 3004 1654 3069 ἄλλους
1687 3003 1901 3068 πάντας

291 3088 385 3149 ὕπ’
413 3092 589 3169 ἑωυτῷ
623 3089 739 3169 εἶχε
774 3090 1297 3170 καταστρεψάμενος
1323 3085 1356 3151 ὅ
1391 3095 1659 3169 Κροῖσος·
1701 3091 1812 3152 εἰσὶ
1838 3090 1899 3150 δὲ

293 3174 427 3244 οἶδε,
452 3176 642 3246 Λυδοὶ,
675 3176 902 3258 Φρύγες,
936 3179 1149 3248 Μυσοὶ,
1182 3177 1575 3255 Μαριανδυνοὶ,
1608 3177 1897 3254 Χάλυβες,
1927 3207 1936 3213 ·

296 3261 695 3344 Π’···Ι)λα·γόνες,
712 3263 961 3340 Θρήϊκες,
984 3267 1038 3323 οἶ
1054 3265 1230 3323 Θυνοί
1236 3289 1299 3323 τε
1319 3265 1410 3323 καὶ
1430 3264 1673 3333 Βιθυνοὶ,
1692 3267 1895 3341 Κᾶρες,
