2184 3517
343 80 436 124 340
954 75 1321 123 ἯΡοΔοΤοτ
1833 69 1959 134 [IV.

353 156 444 214 καὶ
473 155 789 224 Καύκωνας,
816 153 1048 216 τούτους
1075 152 1120 211 δ’
1150 151 1516 222 ἐξελάσαντες
1542 155 1602 208 ἐκ
1629 152 1733 225 τῆς
1756 149 1961 229 -χῶρης,

356 245 541 319 σφέας
569 243 767 306 αὐτοὺς
794 243 855 311 ἓξ
878 242 1078 318 μοίρας
1106 241 1333 299 διεῖλον·
1378 238 1469 297 καὶ
1512 240 1701 298 ἔπειτα
1738 240 1964 298 ἔκτισαν

349 331 551 394 πόλιας
567 330 741 391 τάσδε
770 335 827 389 ἐν
848 329 1087 398 αὐτοῖσι,
1108 330 1377 405 Λέπρεον,
1399 326 1717 395 Μάκιστον,
1742 327 1965 402 Φρίξας,

357 419 604 498 Πύργον,
632 419 853 487 Ἔπιον,
883 418 1147 476 Νούδιον·
1194 417 1453 496 (τουτέων
1494 415 1553 472 δὲ
1583 416 1683 476 τοὶς
1714 418 1967 478 πλεῦνας

354 506 439 564 ἐπ’
482 507 609 581 ἐμέο
652 506 874 564 Ἠλεῖοι
917 505 1288 583 ἐπόρθησαν)
1329 507 1402 581 τῇ
1444 503 1503 561 δὲ
1545 502 1700 581 νήσῳ
1738 503 1833 561 ἐπὶ
1868 506 1967 562 τοῦ

258 595 370 653 149
391 595 644 653 οἰκιστέω
678 593 836 669 Θήρα
871 594 907 668 ἦ
943 595 1219 668 ἐπωνυμίη
1248 592 1485 672 ἐγένετο.
1556 590 1625 648 ‘O
1656 591 1717 648 δὲ
1743 594 1880 653 παῖς
1904 590 1966 650 οὗ

349 681 459 761 γιὶρ
477 684 586 757 ἔφη
608 686 660 740 οἱ
677 681 1167 757 συμπλεύσεσθαι,
1187 685 1462 760 τοιγαρῶν
1482 681 1595 754 ἔφη
1613 677 1786 738 αὐτόν
1803 705 1965 739 κατα-

354 770 569 847 λείψειν
596 769 680 829 ὄϊν
708 775 765 829 ἐν
791 769 1036 829 λύκοισι·
1083 769 1173 826 ἐπὶ
1202 771 1302 827 τοῦ
1331 768 1489 829 ἔπεος
1523 765 1729 825 τούτου
1757 765 1969 843 οὔνομα

349 860 427 935 τῷ
467 857 734 936 νεηνίσκῳ
765 856 942 935 τούτῳ
978 854 1273 917 Ὀϊόλυκος
1321 857 1559 935 ἐγένετο·
1616 854 1716 913 καί
1757 881 1865 917 κως
1902 855 1967 914 τὸ

346 939 564 1022 ὀὕνομα
617 950 784 1005 τοῦτο
841 944 1205 1021 ἐπεκράτησε.
1286 942 1586 1002 Ὀἳολύκου
1642 943 1703 1001 δὲ
1754 943 1970 1023 γίνεται

354 1033 568 1115 Αἰγεύς,
598 1032 709 1092 οἷπὸ
737 1037 837 1092 τοῦ
865 1033 1119 1113 Αἰγεῖδαι
1141 1035 1438 1091 καλεῦνται
1466 1031 1627 1106 φυλή
1652 1031 1885 1112 μεγάλη
1913 1037 1969 1091 ἐν

355 1121 603 1200 Σπάρτῃ.
670 1125 823 1182 τοῖσι
849 1121 909 1180 δὲ
935 1125 994 1180 ἐν
1012 1123 1084 1198 τῇ
1114 1123 1274 1198 φυλῇ
1292 1119 1466 1198 ταύτῃ
1492 1119 1734 1195 οἷνδροῖσι
1761 1119 1829 1178 οὖ
1857 1120 1965 1201 γὰρ

350 1208 649 1286 ὕπέμειναν
683 1209 753 1268 τὰ
793 1210 976 1278 τέκνα,
1013 1206 1313 1285 ἱδρύσαντο
1348 1212 1407 1264 ἐκ
1442 1208 1788 1284 θεοπροπίου
1819 1206 1965 1284 Ἐρι-

355 1296 496 1356 νύων
534 1301 644 1357 τῶν
684 1297 862 1356 Λαΐου
901 1321 963 1355 τε
1005 1295 1098 1354 καὶ
1133 1295 1442 1354 Οἰδιπόδεω
1487 1294 1625 1371 ἱρόν·
1682 1296 1776 1353 καὶ
1823 1295 1969 1372 μετὰ

351 1388 516 1444 τοῦτο
536 1384 814 1461 ὑπέμεινε.
876 1382 1053 1444 τῶυτὸ
1080 1409 1246 1443 τουτο
1276 1383 1368 1441 καὶ
1396 1388 1454 1442 ἐν
1467 1382 1640 1460 ,Θήρῃ
1664 1387 1823 1443 τοῖσι
1851 1382 1966 1443 afa-6

350 1476 469 1531 τῶν
488 1470 701 1549 ἀνδρῶν
724 1471 933 1532 τούτων
957 1469 1245 1553 γεγονόσι.

261 1558 375 1615 150
478 1560 667 1636 Μέχρι
703 1561 808 1634 μέν
834 1585 932 1619 νυν
955 1559 1158 1619 τούτου
1194 1561 1297 1618 τοῦ
1324 1557 1503 1638 λόγου
1529 1559 1966 1636 Λακεδαιμόνιοι

354 1646 651 1722 Θηραίοισι
694 1673 836 1707 κατα
882 1645 1060 1706 ταῦτα
1107 1645 1472 1727 λέγουσι·τό
1514 1645 1574 1704 δὲ
1616 1645 1731 1706 οἷπὸ
1759 1647 1966 1726 τούτου

351 1758 548 1809 μουνοι
580 1738 816 1811 Θηραιοι
849 1732 953 1792 ὦδε
983 1735 1251 1816 γενέσθαι
1278 1735 1536 1814 λέγουσι·
1579 1735 1839 1811 Γρῖνος
1808 1763 1840 1794 ο
1867 1733 1966 1796 Αἷ-

353 1821 567 1890 σανίου,
610 1821 711 1881 ε’ων
747 1821 907 1899 Θήρα
944 1822 1147 1881 τούτου
1185 1820 1464 1902 ἀπόγονος
1505 1823 1599 1880 καὶ
1638 1824 1967 1905 βασιλεύων

354 1908 540 1983 Θήρης
562 1911 664 1983 τῆς
688 1908 884 1984 νήσου,
911 1908 1148 1968 α’πίκετο
1174 1914 1231 1972 ἐς
1256 1907 1584 1984 Δελφους*
1547 1935 1698 1989 αγων
1725 1909 1840 1971 ἀπὸ
1864 1916 1967 1988 τῆς

342 1994 551 2058 ’πόλιος
597 1996 938 2074 ἑκατόμβην·
1000 1997 1224 2057 εἵποντο
1273 1997 1336 2056 δέ
1387 2022 1441 2055 οι
1496 1997 1589 2055 καὶ
1633 1996 1810 2057 ἄλλοι
1856 2004 1968 2060 τῶν

352 2086 666 2160 πολιητέων
696 2087 793 2144 καὶ
824 2085 894 2160 δή
928 2085 1021 2143 καὶ
1057 2085 1277 2148 Βάττος
1313 2084 1346 2144 ὁ
1384 2084 1831 2161 Πολυμνήστου,
1865 2089 1968 2148 ἐών

352 2172 513 2253 γένος
553 2172 872 2249 Εύθυμίὸης
922 2175 1033 2231 τῶν
1084 2172 1359 2232 Μινυέων·
1429 2173 1723 2253 χρεωμένῳ
1777 2174 1839 2233 δὲ
1890 2181 1968 2254 τῷ

353 2261 529 2339 Γρίνῳ
563 2264 640 2340 τῷ
670 2261 912 2338 βασιλέϊ
944 2263 1054 2319 τῶν
1091 2261 1346 2336 Θηραίων
1376 2261 1505 2336 περὶ
1548 2260 1745 2321 ἄλλων
1777 2269 1894 2341 χρᾷ
1929 2265 1966 2340 ἦ

360 2349 545 2424 Πυθίη
573 2350 773 2420 κτίζειν
799 2353 855 2408 ἐν
880 2347 1073 2426 Λιβύῃ
1099 2347 1287 2407 πόλιν·
1322 2348 1356 2408 ὁ
1383 2349 1443 2407 δὲ
1469 2347 1742 2425 α’,μείβετο
1762 2352 1964 2431 λέγων·

355 2444 391 2470 “
406 2436 514 2517 ἐγω
540 2438 659 2512 μὲν,
689 2435 849 2505 ωναξ,
877 2435 1266 2513 πρεσβύτερός
1289 2460 1353 2496 τε
1379 2436 1486 2512 ἤδη
1524 2437 1637 2512 εἰμὶ
1665 2437 1757 2496 καὶ
1782 2438 1968 2515 βαρύς

353 2521 659 2599 αείρεσθαι·
709 2523 784 2583 σι)
825 2524 888 2583 δέ
910 2529 1048 2583 ’τινα
1088 2524 1259 2583 τῶνδε
1303 2528 1413 2584 τῶν
1453 2526 1731 2602 νεωτέρων
1773 2530 1967 2586 κέλευε

351 2615 529 2670 ταῦτα
568 2611 827 2671 ποιέειν.”
896 2611 1014 2688 ἅμα
1052 2638 1116 2671 τε
1162 2614 1323 2694 ἔλεγε
1364 2616 1541 2672 ταῦτα
1586 2614 1681 2672 καὶ
1728 2614 1968 2675 ἐδείκνυε

356 2703 412 2760 ἐς
442 2698 542 2758 τᾶν
573 2699 811 2758 Βαττον.
878 2699 1010 2759 τότε
1034 2702 1140 2776 μὲν
1164 2705 1440 2760 τοσαῦτα.
1510 2726 1655 2778 μετα
1684 2701 1760 2771 δὲ,
1790 2701 1965 2762 ἄπελ-

354 2783 544 2847 θόντες
575 2785 813 2865 οἷλογίην
847 2787 999 2864 εἶχον
1027 2814 1129 2846 του
1170 2789 1537 2866 χρηστηρίου,
1574 2815 1702 2848 ουτε
1741 2790 1968 2866 Λιβύην

353 2870 610 2934 εἰδότες”’
580 2898 713 2930 οκου
737 2878 843 2952 γῆς
870 2875 952 2948 εἴη
974 2873 1101 2933 οὔτε
1125 2879 1488 2952 τολμῶντες’
1462 2904 1517 2939 ες
1538 2877 1750 2951 οἷφανὲς
1768 2883 1967 2954 χρῆμα

258 2954 370 3010 151
393 2955 824 3017 οἷποστέλλειν’
788 2962 1065 3035 αποικίην.
1133 2962 1316 3022 ‘Em-o?
1344 2963 1466 3022 δὲ
1433 2965 1597 3023 ετέων
1622 2991 1764 3039 μετα
1788 2969 1967 3024 ταῦτα

357 3063 457 3101 Ου’(
496 3040 558 3098 ὗε
576 3043 693 3116 τήν
729 3046 935 3121 Θήρην·
993 3052 1052 3106 ἐν
1086 3074 1245 3108 τοισι
1275 3076 1347 3109 τα
1379 3051 1604 3126 δένδρεα
1636 3052 1821 3112 πάντα
1851 3060 1967 3128 σφι

351 3145 424 3176 τα
460 3128 516 3180 ἐν
542 3131 614 3199 τῇ
641 3129 793 3205 νήσῳ
826 3133 1030 3206 πλην“
1007 3134 1128 3198 ενὸς
1156 3137 1449 3213 ἐξαυανθη·
1490 3140 1866 3216 χρεωμένοισι
1908 3142 1967 3199 δὲ

352 3224 507 3262 ''ow'‘
546 3213 845 3283 Θηραίοισι
883 3221 1167 3296 προέφερε
1204 3223 1244 3299 ἤ
1277 3226 1466 3300 Πυθίη
1498 3225 1605 3301 τήν
1640 3230 1697 3289 ἐς
1735 3227 1967 3306 Λιβυην
