2184 3517
250 135 533 201 184-186J
944 135 1175 187 mmo.
1788 137 1852 186 91

247 215 418 292 τῆσδε
458 218 562 291 τῆς
593 214 896 291 θαλάσσης
921 219 977 279 ἐς
1002 216 1341 291 Βαβυλῶνα,
1372 215 1778 277 καταπλέοντες
1804 219 1861 278 ἔς

246 303 343 364 τόν
372 301 684 381 Εὐφρήτην
716 301 971 380 ποταμὸν
999 303 1121 380 τρίς
1142 329 1207 363 τε
1235 307 1291 367 ἐς
1314 302 1420 379 τὴν
1455 301 1628 378 αὖτὴν
1652 299 1859 378 ταύτην

249 389 437 468 κώμην
476 391 879 472 παραγίνονται
919 390 1011 449 καὶ
1052 396 1113 451 ἐν
1149 392 1306 468 τρισὶ
1345 389 1610 469 ήμέρῃσι.
1691 392 1861 449 τοῦτο

245 480 347 557 μὲν
372 478 446 555 δή
466 483 688 540 τοιοῦτο
715 479 963 555 ἐποίησε,
983 481 1153 558 χῶμα
1179 478 1238 538 δὲ
1261 479 1559 557 παρέχωσε
1583 475 1715 555 παρ’
1739 476 1860 537 ἐκά-

245 592 408 646 τερον
441 571 546 628 τοῦ
580 570 839 644 ποταμοῦ
865 566 932 627 τό
958 569 1168 646 χεῖλος,
1195 565 1352 637 ἄξιον
1379 565 1666 644 θῶυματος
1689 565 1860 647 μέγα·
1883 583 1886 586 ’

247 655 347 719 θος
366 655 462 714 καὶ
476 653 621 734 ὕψος
635 653 776 715 ὅσον
792 656 856 715 τί
872 659 1013 715 ἐστι·
1043 653 1353 732 κατύπερθε
1373 654 1432 714 δὲ
1449 656 1650 734 πολλῷ
1668 655 1860 730 Βαβυ-

245 742 494 807 λῶνος
452 764 678 820 ω’ρυσσε
698 743 928 820 ava-pov
945 742 1120 821 λίμνῃ
1147 741 1353 854 ὀλίγον
1362 768 1421 802 τι
1443 742 1859 821 παρατείνουσα

246 827 359 890 ἀπὸ
398 833 503 891 τοῦ
533 834 807 907 ποταμοῦ,
840 829 1025 907 βάθος
1057 833 1163 908 μὲν
1197 835 1254 894 ἐς
1286 856 1353 891 το
1380 829 1524 909 ὕδωρ
1563 828 1651 921 ἀεὶ
1689 829 1859 907 ὀρύσ-

249 942 438 978 σουσα
470 916 627 996 εὖρος
665 917 727 977 δὲ
755 917 823 977 τὸ
860 920 1192 997 περίμετρον
1216 916 1387 990 αυτοῦ
1411 915 1653 990 ποιεῦσα
1680 918 1865 980 εἴκοσί

247 1028 310 1064 τε
329 1005 422 1064 καὶ
439 1007 814 1083 τετρακοσίων
831 1006 1090 1067 σταδίων·
1118 1006 1220 1067 τόν
1236 1005 1346 1067 δὲ’
1315 1005 1701 1084 ορυσσόμενον
1719 1010 1860 1086 χοῦν

249 1096 310 1151 ἐκ
344 1091 548 1154 τούτου
578 1096 679 1153 τοῦ
706 1091 1020 1175 ὀρύγματος
1055 1093 1358 1172 ἀναισίμου
1389 1093 1544 1171 παρὰ
1568 1093 1638 1153 τοὶ
1663 1095 1859 1173 χείλεα

246 1184 346 1241 τοῦ
366 1184 624 1259 ποταμοῦ
641 1182 1023 1261 παραχέουσα,
1046 1183 1171 1242 ἐπεί
1184 1208 1247 1242 τε
1268 1181 1331 1241 δέ
1348 1184 1402 1242 οἱ
1422 1180 1648 1259 ὤρυκτο,
1666 1181 1859 1245 λίθους

244 1267 576 1350 ἀγαγομένη
602 1269 843 1347 κρηπῖδα
868 1269 1052 1350 κύκλῳ
1071 1270 1202 1348 περὶ
1223 1267 1398 1345 αὐτὴν
1416 1267 1621 1346 ἤλασε.
1680 1269 1860 1329 ἐποίεε

250 1354 309 1415 δὲ
339 1356 640 1435 ἀμφότερα
672 1360 867 1428 ταῦτα,
894 1357 995 1418 τόν
1027 1383 1092 1418 τε
1126 1356 1383 1435 ποταμόν
1413 1355 1650 1417 σκολιόν
1675 1356 1767 1416 καὶ
1790 1357 1859 1418 τὸ

250 1470 468 1526 ορυγμα
504 1450 620 1506 πᾶν
661 1445 804 1516 ἕλος,
840 1471 911 1510 ως
947 1444 979 1506 ὅ
1003 1470 1068 1507 τε
1105 1471 1359 1524 ποταμος
1388 1443 1733 1524 βραδύτερος
1768 1446 1855 1523 εἴη

248 1534 373 1611 περὶ
411 1559 637 1609 καμπας
675 1533 900 1597 πολλοῖς
929 1533 1250 1616 α’γνύμενος,
1291 1534 1385 1593 καὶ
1425 1537 1480 1594 οἱ
1513 1534 1687 1594 πλόοι
1727 1535 1861 1595 ἔωσι

251 1621 521 1681 σκολιοὶ’
493 1648 551 1686 ες
568 1621 673 1698 τήν
692 1623 1081 1699 Βαβυλῶνα,”
1053 1648 1113 1681 εκ
1138 1647 1201 1683 τε
1224 1647 1338 1683 των
1354 1622 1549 1682 πλόων
1576 1622 1859 1699 ἐκδέκηται

249 1710 501 1787 περίοδος
524 1713 625 1786 τῆς
648 1711 850 1787 λίμνης
868 1710 1076 1789 μακρή.
1137 1709 1277 1771 κατὰ
1299 1714 1469 1772 τοῦτο
1495 1710 1556 1770 δὲ
1575 1709 1857 1792 εἰργάζετο

248 1802 346 1875 τῆς
369 1798 555 1879 χώρης
572 1802 645 1878 τῇ
671 1800 810 1859 αἵτε
831 1799 1079 1876 ἐσβολαὶ
1098 1797 1250 1876 ἦσαν
1273 1800 1366 1859 καὶ
1383 1800 1456 1860 τοὶ
1477 1799 1733 1875 σύντομα
1755 1803 1859 1876 τῆς

249 1890 308 1945 ἐκ
346 1886 559 1963 Μήδων
595 1887 742 1957 ὁδοῦ,
773 1886 864 1947 ἵνα
892 1886 974 1964 μή
1008 1886 1439 1970 ἐπιμισγόμενοι
1464 1890 1519 1947 οἱ
1546 1888 1739 1963 Μῆδοι
1773 1892 1857 1946 ἐκ·

243 1974 575 2051 μανθάνοιεν
609 1975 779 2051 αὖτῆς
807 1974 882 2035 τοὶ
906 1973 1231 2058 πρήγματα.
1312 1980 1502 2037 Ταῦτα
1527 1977 1632 2054 μὲν
1658 1974 1727 2052 δή
1756 1980 1815 2035 ἐκ
1837 1978 1952 2036 186

243 2062 456 2139 βάθεος
480 2063 873 2142 περιεβάλετο,
892 2063 1111 2140 τοιήνδε
1137 2063 1198 2124 δὲ
1224 2064 1286 2134 ἐξ
1303 2064 1485 2125 αὖτῶν
1503 2064 1858 2143 παρενθήκην

244 2151 574 2229 ἐποιήσατο·
617 2155 720 2229 τῆς
743 2152 943 2216 πόλιος
974 2151 1179 2229 ἐούσης
1215 2152 1314 2212 δύο
1351 2154 1633 2230 φαρσέων,
1661 2157 1764 2213 τοῦ
1796 2153 1858 2212 δὲ

239 2245 505 2319 ποταμοῦ
529 2242 713 2319 μέσον
739 2242 981 2321 ἔχοντος,
1013 2243 1105 2301 ἐπὶ
1129 2246 1241 2302 τῶν
1265 2239 1540 2318 πρότερον
1563 2241 1856 2317 βασιλέων

241 2327 383 2394 ὅκως
414 2355 502 2394 τις
539 2330 728 2391 ἐθέλοι
764 2335 841 2389 ἐκ·
856 2334 958 2390 τοῦ
996 2331 1185 2408 ἐτέρου
1220 2328 1479 2406 φάρσεος
1516 2334 1571 2392 ἐς
1594 2327 1856 2406 τοῦτερον

239 2417 528 2495 διαβῆναι,
574 2422 721 2497 χρῆν
759 2419 940 2497 πλοίῳ
981 2418 1310 2494 διαβαίνειν·
1354 2417 1448 2476 καὶ
1488 2415 1576 2492 ἦν,
1625 2416 1697 2479 ὥς
1748 2416 1856 2497 ἐγῶ

238 2505 432 2577 δοκέω,
469 2505 722 2585 ὄχληρόν
760 2510 948 2566 τοῦτο·
991 2505 1132 2583 αὕτη
1175 2506 1235 2566 δὲ
1275 2505 1368 2565 καὶ
1405 2508 1573 2566 τοῦτο
1611 2504 1854 2582 προεῖδε·

238 2596 369 2655 ἐπεί
386 2620 451 2655 τε
475 2595 586 2676 γὰρ
609 2592 836 2672 ὤρυσσε
853 2594 920 2655 τό
942 2595 1176 2673 ἔλυτρον
1193 2598 1266 2675 τῇ
1285 2594 1475 2675 λίμνῃ,
1494 2592 1857 2672 μνημόσυνον

234 2682 368 2742 τόδε
407 2681 561 2743 ἄλλο
601 2680 715 2742 dm)
747 2687 849 2743 τοῦ
886 2681 1057 2743 αὐτοῦ
1096 2684 1262 2766 ἔργου
1297 2684 1543 2744 ἐλίπετο·
1586 2682 1854 2761 ἐτάμνετο

220 2772 436 2835 ,λίθους
467 2769 826 2848 περιμήκεας·
875 2769 947 2834 ὦς
986 2771 1051 2832 δέ
1087 2774 1143 2831 οῖ
1182 2770 1335 2849 ἦσαν
1366 2775 1421 2832 οἱ
1452 2773 1607 2833 λίθοι
1642 2774 1855 2848 ἑτοῖμοι

182 2905 188 2910 -
236 2860 332 2918 καὶ
354 2859 423 2919 τό
450 2860 659 2938 χωρίον
688 2857 986 2936 ὀρώρυκτο,
1015 2860 1338 2938 ἐκτρέψασα
1367 2865 1468 2921 τοῦ
1503 2863 1762 2937 ποταμοῦ
1785 2858 1853 2918 τό

235 2947 471 3026 ῥέεθρον
495 2952 613 3006 πᾶν
650 2951 707 3010 ἐς
741 2945 808 3006 τό
840 2946 1063 3025 ὤρυσσε
1096 2949 1316 3026 χωρίον,
1347 2953 1405 3008 ἐν
1427 2952 1505 3026 τῷ
1532 2948 1854 3023 ἐπίμπλατο

234 3040 404 3096 τοῦτο
433 3040 494 3096 ἐν
516 3033 697 3114 τούτῳ
729 3033 1193 3111 ἀπεξηρασμένου
1217 3039 1319 3095 τοῦ
1345 3033 1581 3111 α’ρχαίου
1605 3034 1850 3109 ῥεέθρου,

233 3129 404 3186 τοῦτο
419 3127 526 3202 μὲν
550 3123 622 3183 τὰ
640 3127 837 3202 χείλεα
855 3127 957 3183 τοῦ
981 3126 1256 3198 ποταμοῦ,
1286 3122 1426 3182 κατὰ
1449 3120 1554 3197 τὴν
1573 3121 1741 3180 πόλιν
1762 3122 1855 3180 καὶ

235 3212 339 3277 τσῖς
367 3211 730 3289 καταβάσιας
753 3210 853 3274 τὰς
880 3216 940 3270 ἐκ
966 3214 1078 3270 τῶν
1116 3208 1363 3269 πυλίδων
1388 3213 1445 3271 ἐς
1469 3207 1570 3268 τόν
1595 3208 1852 3286 ποταμόν

236 3299 546 3380 φερούσας,
572 3296 984 3376 ἀνοικοδόμησε
1006 3296 1304 3357 πλίνθοισι
1327 3294 1558 3374 ὀπτῇσι,
1585 3295 1727 3356 κατὰ
1751 3294 1852 3356 τὸν
