2184 3517
344 102 438 150 344
968 102 1333 151 ἯΡοΔοΤοϊ
1819 101 1941 168 [IV.

517 184 584 231 At
613 183 674 230 τὺ
707 184 820 242 ἐμεῦ
839 183 1023 244 Διβύην
1042 183 1501 244 μηλοτρόφονοῒδας
1524 185 1709 244 ἄμεινον

512 255 580 313 μὴ
604 256 756 302 ἐλθὼν
790 255 1022 312 ἐλθόντος,
1062 254 1189 314 δι’-γαν
1223 255 1412 314 ἄγαμαι
1445 259 1616 317 σοφίην
1649 277 1751 307 σευ.

350 338 726 401 Ἀκούσαντες
754 339 811 397 δὲ
828 337 1037 397 τούτων
1054 341 1110 396 οἱ
1125 337 1275 414 ἀμφὶ
1291 339 1392 399 τὸν
1412 341 1630 402 Βάττον
1643 342 1945 404 ἀπέπλωον

343 424 546 485 ὀπίσω·
589 424 653 485 οὖ
688 426 797 507 γοὶρ
837 425 906 501 δή
949 432 1135 501 σφεας
1166 424 1317 484 οἷπίει
1335 426 1375 485 ’ὁ
1403 427 1528 491 θεὸς
1563 434 1663 504 τῆς
1688 430 1945 507 σῖποικίης

346 514 478 591 πρὶν
498 513 565 589 δή
594 513 895 574 ἀπίκωνται
923 520 977 577 ἐς
994 513 1166 590 αὐτὴν
1185 513 1290 590 τὴν
1308 515 1551 592 Λιβύην.
1623 517 1950 594 ἀπικόμενοι

345 601 405 660 δὲ
432 607 488 664 ἐς
512 602 615 677 τὴν
631 606 807 675 νῆσον
836 603 928 660 καὶ
954 599 1338 678 ἀναλαβόντες
1363 603 1463 662 τὸν
1489 606 1702 675 ἔλιπον,
1723 606 1950 665 ἔκτισαν

342 688 513 765 αὐτῆς
538 692 639 765 τῆς
664 689 885 765 Λιβύης
903 694 1087 768 χῶρον
1110 688 1296 750 ἀντίον
1310 694 1410 766 τῆς
1434 690 1611 766 νήσου
1635 697 1715 770 τῷ
1740 691 1952 769 οὔνομα

341 775 410 852 ἦν
438 775 668 854 ”Αζιρις,
711 777 811 836 τὸν
851 777 1024 837 νάπαι
1064 804 1129 837 τε
1173 777 1482 839 κάλλισται
1522 778 1607 837 ἐπ’
1650 780 1947 857 ἀμφότερα

342 864 717 945 συγκληίουσι
756 864 847 923 καὶ
877 866 1131 943 ποταμὸς
1163 864 1235 925 ταῖ
1275 867 1365 924 ἐπὶ
1400 867 1604 945 θάτερα
1628 869 1949 946 παραρρέει.

255 954 363 1011 158
382 956 591 1011 Τοῦτον
618 953 797 1013 οἴκεον
822 953 921 1012 τόν
946 959 1132 1032 χῶρον
1159 954 1221 1022 ἓξ
1247 955 1388 1012 ἔτεα·
1431 954 1653 1034 ἑβδόμῳ
1681 956 1744 1014 δέ
1771 963 1952 1031 σφεας

343 1041 450 1099 ἔτεϊ
477 1039 957 1117 παραιτησάμενοι
984 1044 1037 1099 οἱ
1063 1042 1294 1116 Λίβυες,
1319 1041 1390 1105 οἷς
1411 1047 1465 1104 ἐς
1482 1042 1750 1119 ἀμείνονα
1769 1048 1951 1122 χῶρον

343 1127 559 1198 ἄξουσι,
588 1128 907 1209 ἀνέγνωσαν
935 1132 1205 1188 ἐκλιπεῖν.
1266 1128 1408 1211 ἦγον
1424 1131 1485 1188 δέ
1499 1137 1687 1206 σφεας
1703 1132 1953 1190 ἐνθεῦτεν

343 1219 398 1275 οἱ
421 1218 633 1293 Λίβυες
658 1215 1077 1292 ἀναστήσαντες
1104 1217 1246 1294 πρὸς
1273 1218 1534 1295 ἑσπέρην·
1572 1219 1664 1276 καὶ
1692 1218 1796 1283 τὸν
1817 1218 1947 1276 κάλ-

341 1307 543 1364 λιστον
584 1308 694 1364 τῶν
739 1304 933 1383 χώρων
979 1306 1068 1365 ἵνα
1117 1304 1407 1375 διεξιόντες
1452 1309 1504 1364 οἱ
1545 1305 1833 1382 ’Έλληνες
1873 1308 1951 1383 μή

342 1391 526 1463 ἴδοιεν,
561 1393 1090 1471 συμμετρησάμενοι
1123 1393 1226 1467 τήν
1258 1392 1402 1470 ὥρην
1433 1398 1533 1470 τῆς
1568 1394 1814 1470 ἡμέρης,
1831 1421 1949 1453 νυκ-

341 1478 437 1542 τὸς
460 1484 734 1560 παρῆγον·
779 1482 898 1539 ἔστι
926 1481 984 1540 δὲ
1010 1485 1087 1561 τῷ
1112 1481 1277 1560 χώρῳ
1295 1481 1470 1560 τούτῳ
1492 1481 1704 1558 οὔνομα
1717 1482 1950 1559 Ἴρασα·

339 1565 642 1648 α’γαγόντες
696 1568 759 1627 δέ
810 1574 993 1644 σφεας
1041 1570 1132 1628 ἐπὶ
1190 1569 1394 1645 κρήνην
1446 1571 1756 1650 λεγομένην
1816 1570 1949 1629 εἶναι

339 1653 701 1719 Ἀπόλλωνος
728 1656 908 1717 εἶπαν·
952 1668 987 1692 “
1005 1657 1196 1733 ἄνδρες
1222 1657 1517 1734 Ἕλληνες,
1557 1658 1796 1717 ἐνθαῦτα
1823 1657 1949 1734 ὑμῖν

344 1743 630 1819 ἐπιτήδεον
659 1745 871 1805 οἰκέειν·
916 1746 1151 1806 ἐνθαῦτα
1184 1744 1296 1827 γοὶρ
1326 1745 1358 1806 ὅ
1386 1746 1615 1822 οὐρανὸς
1639 1744 1948 1822 τέτρηται.”

249 1835 363 1891 159
463 1831 596 1891 Ἐπὶ
635 1834 739 1910 μέν
771 1859 866 1893 νυν
904 1833 1132 1894 Βάττεῶ
1165 1860 1229 1894 τε
1259 1839 1359 1893 τοῦ
1394 1834 1649 1892 οἰκιστέω
1673 1839 1775 1909 τῆς
1804 1833 1945 1909 ζόης,

255 1910 260 1915 ’
342 1918 609 1997 ἄρξαντος
642 1921 734 1978 ε’πὶ
769 1922 1188 1998 τεσσεράκοντα
1216 1922 1356 1992 ἔτεα,
1387 1922 1480 1981 καὶ
1504 1924 1603 1995 τρΰ
1630 1921 1832 1986 παιδὸς
1856 1920 1947 1979 αὖ·

299 2015 311 2022 “
342 2010 444 2066 τοῦ
482 2007 838 2083 Ἀρκεσίλεω,
867 2008 1133 2085 ἄρξαντος
1177 2011 1460 2068 ἑκκαίδεκα
1496 2010 1635 2078 ἔτεα,
1674 2010 1857 2068 οἴκεον
1894 2010 1946 2067 οἱ

344 2097 665 2172 Κυρηναῖοι,
701 2092 880 2157 ἐόντες
914 2099 1181 2154 τοσοῦτοι
1213 2095 1341 2155 ὅσοι
1375 2096 1553 2175 ἀρχὴν
1581 2101 1635 2158 ἐς
1660 2094 1763 2171 τὴν
1790 2095 1946 2153 οἷποι-

346 2183 468 2259 κίην
506 2181 850 2258 ἐστάλησαν·
895 2182 986 2242 ἐπὶ
1018 2182 1076 2241 δὲ
1113 2188 1212 2242 τοῦ
1238 2186 1429 2260 τρίτου
1456 2182 1682 2242 Βάττεω
1705 2186 1808 2242 τοῦ
1842 2181 1945 2241 Εὖ·

347 2271 604 2348 δαίμονος
644 2273 982 2349 καλεομένου
1004 2269 1295 2347 Ἕλληνας
1320 2270 1532 2334 πάντας
1559 2271 1785 2346 ὥρμησε
1812 2267 1946 2348 χρή-

346 2385 504 2418 σασα
546 2358 583 2435 ή
628 2360 815 2434 Πυθίη
858 2359 1050 2419 πλέειν
1098 2359 1534 2434 συνοικήσοντας
1581 2359 1946 2433 Κυρηναίοισι

347 2446 587 2523 Λιβύην·
633 2447 998 2515 ἐπεκαλέοπο
1026 2446 1135 2526 γοῖρ
1166 2450 1217 2505 οἱ
1238 2450 1545 2522 Κυρηναῖοι
1572 2445 1663 2504 ἐπὶ
1686 2449 1792 2525 γῆς
1819 2444 1945 2504 ἀναε-

349 2533 565 2612 δασμῷ.
616 2535 841 2629 ,ἔχρησε
869 2533 927 2592 δὲ
954 2531 1057 2591 ὦδε
1086 2534 1304 2611 ἔχοντα·

431 2647 524 2695 *Ος
570 2647 623 2694 δέ
655 2664 735 2695 κεν
772 2649 819 2695 ές
851 2647 1035 2709 Λιβύην
1068 2647 1371 2707 πολυηρατον
1403 2643 1603 2707 ὕστερον
1636 2647 1755 2706 ἔλθῃ

449 2718 544 2777 γᾶς
579 2719 930 2778 ἀναδαιομένας,
956 2717 1082 2777 μετά
1118 2716 1165 2766 οἵ
1194 2718 1323 2766 ποκά
1357 2725 1481 2778 φαμι
1511 2718 1755 2776 μελήσειν.

356 2818 771 2895 Συλλεχθέντος
813 2819 872 2877 δὲ
914 2819 1119 2895 ὁμίλου
1161 2822 1385 2878 πολλοῦ
1428 2823 1483 2882 ἐς
1522 2818 1627 2894 τήν
1671 2818 1938 2896 Κυρήνην,

351 2904 812 2980 περιταμνόμενοι
865 2910 973 2983 γῆν
1025 2905 1255 2982 πολλην
1309 2909 1363 2966 οἱ
1415 2908 1684 2982 περίοικοι
1742 2907 1943 2981 Λίβυες

354 2990 445 3047 καὶ
484 2990 516 3046 ὁ
555 2991 832 3062 βασιλεὺς
874 2992 1052 3051 αυτῶν
1091 2997 1169 3071 τῷ
1211 3019 1420 3070 ουνομα
1452 2993 1523 3068 ἦν
1552 2992 1825 3070 Ἀδικραν,
1853 2992 1939 3051 οἷα

350 3079 451 3147 τῆς
493 3100 555 3133 τε
602 3075 785 3152 χώρης
840 3079 1265 3154 στερισκόμενοι
1320 3082 1413 3139 καὶ
1465 3076 1939 3157 περιϋβριζόμενοι

348 3158 459 3217 ivd
495 3163 604 3218 τῶν
640 3164 980 3237 Κυρηναίων,
1009 3165 1328 3242 πέμψαντες
1356 3173 1410 3230 ἐς
1435 3170 1722 3247 Αἴγυπτον
1748 3167 1941 3224 ἔδοσαν

353 3245 536 3315 σφέας
576 3270 772 3307 αυτους
809 3246 1011 3321 Ἀπρίῃ
1051 3254 1128 3325 τῷ
1172 3253 1460 3330 Αἰγύπτου
1502 3255 1760 3328 βασιλέϊ·
1807 3280 1838 3311 ο
1882 3252 1941 3310 δὲ
