2184 3517
290 84 386 133 138
908 80 1280 130 ἪΡοΔοτοτ
1790 76 1900 142 [Π.

198 162 274 221 62
290 160 459 231 ξεῖνοι
487 160 579 219 καὶ
605 158 705 220 ούκ
738 159 1057 241 Αἰγύπτιοι.
1135 158 1231 223 Ἐς
1270 156 1408 224 Σάϊν
1434 158 1496 218 δὲ
1529 155 1702 218 πόλιν
1732 155 1911 217 ἐπεοῖν

290 248 689 327 συλλεχθέωσι
713 250 853 326 τῇσι
880 248 1192 327 θυσίῃσι,”
1163 272 1220 306 εν
1244 271 1356 342 τινι
1379 246 1535 305 νυκτὶ
1568 244 1754 323 λύχνα
1784 244 1911 304 καί-

293 361 422 396 ουσι
447 335 651 398 πάντες
675 334 872 394 πολλοὶ
897 334 1166 412 υπαίθρια
1190 323 1320 410 περὶ
1344 327 1416 393 τοὶ
1443 332 1669 410 δώματα
1696 330 1909 410 κύκλω·

296 449 368 485 τα
395 424 454 484 δὲ
480 424 714 503 λύχνα’
688 422 813 483 εστὶ
849 422 1112 500 ἐμβάφια
1143 423 1362 499 ἔμπλεα
1391 420 1530 484 ἆλός
1561 421 1654 478 καὶ
1690 419 1910 479 ἐλαίου·

294 515 570 588 ἐπιπολῆς
610 511 670 571 δὲ
702 511 897 571 ἔπεστι
934 509 1070 571 αὐτὰ
1103 508 1170 570 τό
1207 508 1521 587 ἐλλύχνιον.
1605 507 1697 566 καὶ
1733 510 1913 567 τοῦτο

297 602 509 661 καίεται
534 598 856 678 παννύχιον·
901 598 994 658 καὶ
1018 601 1092 676 τῇ
1128 596 1268 675 ὁρτῇ
1297 595 1508 672 οὔνομα
1546 596 1726 655 κέεται
1750 599 1910 674 Λυχ-

294 681 509 763 νοκαΐη·
552 686 606 747 οἳ
646 686 693 746 δ’
730 685 798 746 ἂν
832 685 913 763 μὴ
958 686 1169 747 ἔλθωσι
1206 688 1316 745 τῷν
1352 683 1670 764 Αἰγυπτίων
1706 687 1761 745 ἐς
1797 682 1915 758 τὴν

297 774 607 855 πανήγυριν
644 773 867 850 ταύτην,
898 773 1299 850 φυλάσσοντες
1334 771 1439 848 τήν
1473 770 1645 832 νύκτα
1683 774 1784 846 τῆς
1810 770 1913 830 θυ-

297 888 428 939 σιης
454 863 676 923 καίουσι
703 863 797 922 καὶ
822 861 982 922 αὐτοὶ
1011 860 1218 924 πάντες
1243 858 1317 920 τοὶ
1355 858 1559 938 λύχνα.
1642 859 1735 916 καὶ
1761 856 1916 917 οὕτω

298 948 399 1011 οὐκ
454 955 513 1011 ἐν
567 950 675 1017 Σάῖ
719 948 899 1029 μούνῃ
947 949 1175 1021 καίεται,
1221 946 1377 1008 οἷλλοὶ
1423 947 1515 1006 καὶ
1560 944 1668 1006 οἷνοὶ
1710 949 1918 1006 πᾶσαν

300 1040 606 1121 Αιγυπτον.
687 1064 815 1126 οτευ
856 1038 917 1097 δὲ
957 1038 1138 1097 ἐἵνεκα
1172 1039 1293 1114 φῶς
1326 1037 1495 1114 ἔλαχε
1527 1034 1620 1094 καὶ
1658 1032 1825 1110 τιμήν
1868 1027 1917 1110 ἦ

306 1126 409 1196 νῦξ
458 1126 615 1203 αὕτη,
659 1120 783 1187 ἔστι
824 1152 943 1204 ιρος
987 1126 1120 1203 περὶ
1158 1123 1329 1184 αυτοῦ
1371 1122 1545 1202 λόγος
1582 1120 1916 1203 λεγόμενος.

208 1215 284 1275 63
300 1212 397 1279 Ἐς
447 1214 508 1274 δὲ
552 1214 758 1275 Ἡλίου
798 1212 969 1274 πόλιν
1016 1214 1110 1274 καὶ
1155 1213 1402 1274 Βουτοῦν
1449 1210 1650 1274 θυσίας
1699 1208 1920 1286 μούνας

304 1304 657 1363 ἐπιτελέουσι
684 1302 1021 1412 φοιτέοντες.
1106 1306 1165 1362 ἐν
1190 1302 1252 1360 δὲ
1276 1297 1555 1376 Παπρήμι
1581 1297 1778 1361 θυσίας
1799 1300 1922 1375 μὲν

308 1390 401 1449 καὶ
433 1390 542 1467 ἱροὶ,
580 1389 827 1466 κατάπερ
868 1390 961 1448 καὶ
998 1391 1072 1466 τῇ
1105 1388 1276 1467 αλλῃ,
1312 1390 1558 1447 ποιεῦσι·
1599 1385 1707 1447 εὖτ’
1742 1384 1811 1446 ἂν
1846 1386 1922 1447 δὲ

303 1477 526 1558 γίνηται
581 1475 900 1553 καταφερὴς
941 1502 974 1536 ο
1016 1475 1195 1551 ἥλιος,
1237 1474 1425 1556 ὀλίγοι
1469 1475 1574 1553 μέν
1610 1499 1754 1537 τινες
1792 1478 1922 1534 τῶν

306 1565 463 1641 ἱρέων
486 1564 615 1642 περὶ
640 1562 915 1645 τῶγαλμα
938 1566 1294 1624 πεπονέαται·
1324 1566 1378 1623 οἳ
1404 1562 1464 1621 δὲ
1488 1562 1701 1622 πολλοὶ
1725 1559 1921 1624 αὐτῶν

306 1651 487 1721 ξύλων
513 1650 748 1728 κορύνας
773 1652 992 1731 ἔχοντες
1019 1654 1223 1712 ἑστᾶσι
1247 1654 1349 1712 τοῦ
1385 1653 1508 1728 ἳροῦ
1536 1654 1594 1711 ἐν
1611 1653 1684 1729 τῇ
1710 1649 1918 1730 ἐσόδῳ,

306 1738 480 1799 ἄλλοι
548 1739 607 1798 δὲ
676 1738 926 1820 εύχωλσῖς
978 1739 1369 1810 ἐπιτελέοντες,
1422 1741 1659 1802 πλεῦνες
1708 1738 1921 1817 χιλίων

308 1825 523 1904 ἀνδρῶν
544 1826 787 1898 ἕκαστοι,
811 1827 1029 1906 ἔχοντες
1054 1826 1198 1896 ξύλα
1223 1827 1317 1886 καὶ
1343 1822 1513 1895 οὗτοι,
1535 1826 1626 1885 ἐπὶ
1649 1825 1721 1885 τοὶ
1746 1825 1923 1902 ἔτερα

307 1912 469 1978 οἶλέες
489 1917 712 1974 ἑστᾶσι.
738 1915 806 1975 τὰ
832 1915 892 1975 δὲ
910 1913 1145 1997 ἄγαλμα
1172 1913 1264 1975 ἐὰν
1284 1918 1342 1974 ἐν
1369 1917 1480 1991 νηῷ
1502 1917 1681 1992 μικρῷ
1705 1913 1921 1995 ξυλίνῳ

308 2004 848 2083 κατακεχρυσωμένῳ
892 2003 1362 2081 προεκκομίζουσι
1400 2006 1472 2080 τῇ
1506 2001 1808 2079 προτεραίῃ
1855 2007 1921 2066 ἐς

307 2088 459 2150 ἄλλο
479 2091 683 2168 οἴκημα
711 2090 849 2167 ἱρόν·
889 2094 944 2151 οἱ
965 2093 1071 2168 μὲν
1098 2090 1165 2167 δή
1193 2090 1379 2171 ὀλίγοι
1405 2093 1460 2149 οἱ
1484 2089 1613 2166 περὶ
1634 2087 1920 2169 τῶγαλμα

307 2179 665 2256 λελειμμένοι
701 2180 932 2239 ἕλκουσι
973 2177 1348 2256 τετράκυκλον
1378 2175 1615 2254 ἅμαξαν,
1656 2174 1922 2257 ἄγουσαν

309 2265 409 2327 τόν
442 2267 575 2343 νηόν
608 2292 671 2328 τε
706 2268 800 2327 καὶ
828 2266 895 2328 τό
935 2270 993 2327 ἐν
1022 2270 1101 2345 τῷ
1134 2270 1246 2345 νηῷ
1278 2264 1430 2325 ἐνεόν
1463 2261 1715 2345 ἄγαλμα·
1758 2268 1813 2323 οἱ
1852 2265 1920 2325 δὲ

312 2352 413 2414 οὔκ
451 2359 605 2426 ἐῶσι,
641 2361 701 2417 ἐν
732 2358 887 2415 τοῖσι
919 2354 1329 2432 προπυλαίοισι
1358 2356 1637 2423 ἑστεῶτες,
1679 2351 1917 2413 ἐσιέναι·

310 2444 366 2503 οἳ
416 2443 476 2503 δὲ
530 2443 907 2523 εὐχωλιμαῖοι,
960 2442 1320 2519 τιμωρέοντες
1369 2443 1448 2519 τῷ
1499 2440 1623 2518 θεῷ,
1675 2440 1920 2501 παίουσι

309 2528 510 2598 αὐτοῦς
534 2530 921 2608 ἀλεξομένους.
974 2530 1213 2590 ἐνθαῦτα
1237 2529 1396 2608 μάχη
1416 2528 1645 2598 ξύλοισι
1670 2529 1917 2606 καρτερὴ

310 2618 541 2698 γίνεται·
611 2616 865 2694 κεφαλάς
914 2643 977 2678 τε
1029 2616 1504 2694 συναράσσονται,
1550 2617 1643 2676 καὶ
1689 2614 1761 2679 ὥς
1801 2618 1917 2698 ἐγώ
1931 2648 1943 2663 ¹

310 2705 498 2776 δοκέω,
529 2705 741 2765 πολλοὶ
772 2707 865 2766 καὶ
893 2702 1321 2779 ἀποθνήσκουσι
1351 2708 1413 2764 ἐκ
1446 2707 1558 2765 τῶν
1589 2703 1915 2781 τρωμάτων·

310 2790 378 2852 ού
426 2793 618 2869 μέντοι
671 2794 732 2853 οἴ
777 2819 846 2875 γε
900 2790 1201 2873 Αἰγύπτιοι
1257 2793 1480 2870 ἔφασαν
1533 2790 1918 2867 ἀποθνήσκειν

218 2879 295 2940 64
313 2878 526 2940 οὐδένα.
606 2881 723 2957 Τήν
749 2880 810 2940 δὲ
835 2880 1144 2960 πανήγυριν
1168 2879 1375 2957 ταύτην
1401 2884 1463 2939 ἐκ
1494 2879 1657 2940 τοῦδε
1681 2880 1918 2956 νομίσαι

312 2967 464 3042 φασὶ
516 2971 571 3027 οἱ
614 2966 917 3047 ἐπιχώριοι·
988 2969 1184 3028 οἰκέειν
1225 2972 1284 3028 ἐν
1323 2971 1401 3047 τῷ
1447 2970 1545 3046 ἱρῷ
1589 2966 1766 3046 τούτῳ
1808 2972 1917 3028 τοῦ

301 3051 503 3131 Ἀρεος
525 3053 631 3130 τήν
664 3056 898 3132 μητέρα·
940 3054 1033 3114 καὶ
1062 3054 1164 3115 τὸν
1181 3053 1361 3132 Ἀρεα
1395 3054 1725 3132 ἀπότροφον
1757 3056 1918 3136 γενό-

315 3163 499 3213 μενον,
526 3142 711 3202 ἐλθεῖν
736 3142 1142 3219 ἐξανδρωμένον
1172 3143 1438 3202 ἐθελοντα
1470 3146 1544 3220 τῇ
1573 3142 1744 3218 μητρὶ
1769 3167 1920 3220 συμ-

314 3223 490 3298 μίξαι·
532 3226 626 3284 καὶ
649 3227 782 3291 τούς
806 3229 1129 3304 προπόλους
1145 3233 1246 3304 τῆς
1270 3228 1496 3308 μητρός,
1524 3229 1617 3288 οἷα
1641 3227 1742 3289 ούκ
1768 3228 1919 3290 ὄπω-
