2184 3517
229 102 512 166 191—193]
926 105 1153 156 mmm.
1776 109 1840 156 95

227 180 448 260 ἔσχατα
484 185 589 257 τῆς
625 182 826 248 πόλιος
857 183 1194 256 ἑαλωκότων,
1225 184 1356 249 τοῦς
1384 183 1452 245 τό
1484 186 1665 262 μέσον
1700 185 1842 245 οἰκέ-

228 294 391 332 οντας
442 273 553 330 τῶν
606 272 986 347 Βαβυλωνίων
1038 271 1104 332 οῦ
1154 273 1454 346 μανθάνειν
1507 272 1840 336 ἑαλωκότας·

227 356 384 417 οἷλλοὶ
426 358 638 439 (τυχεῖν
678 358 790 439 γάρ
832 366 947 436 σφι
995 363 1198 421 ἐοῦσαν
1246 359 1441 441 ὁρτὴν)
1488 360 1740 440 χορεύειν
1780 387 1845 421 τε

225 449 427 506 τοῦτον
464 446 566 506 τόν
602 445 808 526 χρόνον
844 447 937 507 καὶ
970 452 1029 508 ἐν
1060 447 1389 529 εὐπαθείῃσι
1423 447 1576 519 εἶναι,
1607 454 1663 512 ἐς
1699 449 1733 509 ὃ
1769 447 1839 525 δή

229 533 322 593 καὶ
346 533 414 594 τὸ
443 534 621 612 κάρτα
645 532 936 596 ἐπύθοντο.

311 621 430 681 Καὶ
466 621 750 698 Βαβυλὼν
779 626 885 700 μὲν
916 622 1056 684 οὕτω
1092 622 1223 684 τότε
1256 627 1479 702 πρῶτον
1514 623 1799 702 α’ραίρητο.
1823 627 1937 685 192

226 710 332 785 τήν
372 711 435 770 δὲ
473 710 704 787 δύναμιν
741 715 852 771 τῶν
886 711 1265 787 Βαβυλωνίων
1299 716 1579 773 πολλοῖσι
1611 713 1717 789 μὲν
1748 714 1842 773 καὶ

228 797 468 859 ἄλλοισι
506 798 743 874 δηλώσω
788 797 900 876 ὅση
939 801 1024 863 τίς
1064 805 1205 872 ἐστι,
1248 805 1307 860 ἐν
1347 801 1408 860 δὲ
1447 800 1515 878 δὴ
1558 801 1650 860 καὶ
1680 802 1840 881 τῷδε·

227 889 474 964 βασιλεῖ
515 891 592 967 τῷ
634 887 867 969 μεγάλῳ
914 893 968 953 ἐς
1010 888 1232 965 τροφήν
1277 888 1448 949 αὐτοῦ
1489 894 1561 949 τε
1599 890 1692 948 καὶ
1737 894 1841 967 τῆς

231 979 501 1053 στρατιῆς
539 976 902 1054 διαραίρηται,
947 977 1129 1054 πάρεξ
1163 981 1265 1037 τοῦ
1308 976 1507 1054 φόρου,
1553 981 1631 1058 γῆ
1677 981 1842 1038 πᾶσα

229 1062 370 1141 ὅσης
409 1063 590 1143 ἄρχει·
631 1064 874 1124 δυώδεκα
907 1063 982 1124 ὦν
1010 1068 1202 1141 μηνῶν
1234 1062 1433 1125 ἐόντων
1461 1070 1517 1128 ἐς
1541 1063 1640 1125 τὸν
1667 1069 1838 1125 ἐνιαυ-

229 1152 346 1223 τᾶν,
371 1151 503 1216 τοῦς
532 1152 808 1230 τέσσερας
839 1156 1021 1229 μῆνας
1049 1152 1247 1229 τρέφει
1287 1177 1385 1229 μιν
1423 1151 1462 1227 ἦ
1502 1153 1843 1230 Βαβυλωνίη

229 1266 402 1319 χωρη,
428 1266 558 1304 τους
588 1240 710 1300 δὲ’
679 1266 825 1301 οκτω
849 1244 961 1301 τῶν
983 1244 1173 1317 μηνῶν
1198 1240 1236 1316 ἦ
1264 1239 1437 1316 λοιπὴ
1464 1244 1627 1300 πᾶσα
1651 1238 1840 1318 Ἀσίη·

232 1328 373 1388 οὕτω
411 1329 740 1406 τριτημορίη
778 1353 817 1404 η
858 1328 1139 1406 Ἀσσυρίη
1170 1354 1327 1408 χωρη
1362 1333 1434 1408 τῇ
1476 1326 1704 1405 δυνάμει
1740 1333 1843 1404 τῆς

232 1415 414 1494 ἄλλης
437 1416 654 1493 Ἀσίης·
697 1417 792 1476 καὶ
824 1415 863 1492 ἦ
895 1415 1043 1495 οἶρχη
1075 1420 1179 1493 τῆς
1201 1415 1385 1496 χώρης
1408 1442 1630 1493 ταυτης,
1657 1415 1762 1492 τήν
1786 1443 1842 1477 οι

234 1506 459 1583 Πέρσαι
509 1504 864 1582 σατραπηίην
909 1504 1196 1574 καλέουσι,
1245 1505 1367 1565 ἔστι
1414 1503 1678 1565 απασέων
1730 1509 1841 1566 τῶν

234 1591 446 1673 αρχέων
479 1591 701 1653 πολλόν
733 1618 793 1653 τι
822 1592 1112 1703 κρατίστη·
1154 1590 1287 1652 ὅκου
1312 1594 1730 1673 Τριτανταίχμῃ
1763 1598 1843 1673 τῶ

232 1678 588 1759 Ἀρταβάζου
628 1686 690 1740 ἐκ
728 1680 1086 1757 βασιλέως”
1058 1704 1242 1760 εχοντι
1280 1680 1382 1741 τόν
1429 1680 1602 1757 νομόν
1641 1685 1843 1742 τοῦτον

234 1767 496 1851 ἀργυρίου
534 1770 640 1846 μὲν
675 1767 919 1847 προσῄει
958 1766 1196 1844 ἑκάστης
1234 1768 1445 1847 ἡμέρης
1481 1767 1709 1845 οἷρτάβη
1745 1794 1839 1846 με-

347 1855 483 1936 ·(ἤ
525 1856 587 1916 δε
625 1854 866 1933 ἀρτάβη,
908 1856 1116 1934 μέτρον
1161 1855 1254 1917 ἐὸν
1298 1855 1601 1934 Περσικον,
1644 1857 1842 1936 χωρέει

231 1944 497 2023 μεδίμνου
534 1943 793 2020 Ἀττικῆς
829 1947 1029 2004 πλεῖον
1065 1944 1271 2024 χοίνιξι
1307 1946 1463 2022 τρισὶ
1500 1944 1840 2025 Ἀττικῇσι·)

236 2032 396 2093 ἵπποι
423 2033 484 2093 δὲ
509 2059 564 2092 οι
591 2030 759 2092 αὐτοῦ
783 2031 933 2108 ἦσαν
955 2032 1080 2110 ἰδίῃ,
1100 2031 1282 2109 πάρεξ
1296 2037 1408 2093 τῶν
1432 2034 1840 2109 πολεμιστέων,

234 2124 287 2181 οἶ
326 2123 433 2198 μὲν
472 2119 870 2196 ἀναβαίνοντες
910 2118 1012 2183 τοὶς
1053 2120 1261 2196 θηλέας
1302 2118 1641 2192 ὀκτακόσιοι,
1686 2124 1747 2180 αἱ
1782 2122 1844 2180 δὲ

231 2208 563 2286 βαινόμεναι
603 2208 978 2288 ἑξακισχίλιαι
1018 2208 1112 2268 καὶ
1156 2206 1368 2285 μύριαι·
1427 2208 1691 2284 ἀνέβαινε
1730 2208 1841 2290 γσῖρ

235 2298 468 2361 ἕκαστος
504 2300 614 2358 τῶν
653 2297 890 2375 ἐρσένων
927 2296 1138 2357 τούτων
1179 2296 1359 2355 εἴκοσι
1399 2295 1620 2359 ἵππους·
1666 2300 1841 2356 κυνῶν

233 2386 292 2446 δὲ
326 2385 574 2463 Ἰνδικῶν
610 2388 853 2446 τοσοῦτο
893 2383 962 2461 δή
1001 2411 1059 2445 τι
1096 2384 1320 2460 πλῆθος
1365 2383 1649 2461 ἐτρέφετο,
1695 2382 1843 2444 ὥστε
1895 2461 1898 2462 ⁷

231 2474 500 2552 τέσσερες
548 2477 658 2534 τῶν
711 2478 770 2534 ἐν
813 2477 892 2552 τῷ
942 2473 1113 2552 πεδίῳ
1176 2476 1357 2549 κῶμαι
1413 2471 1677 2553 μεγάλαι,
1729 2476 1841 2531 τῶν
1891 2463 1900 2472 ⁴

232 2562 424 2623 ἄλλων
477 2565 672 2623 ἐοῦσαι
717 2560 954 2631 ἀτελέες,
1000 2564 1159 2622 τοῖσι
1205 2562 1336 2621 κυσὶ
1381 2559 1841 2640 προσετεταχάτο

232 2652 388 2712 σιτία
412 2650 699 2729 παρέχειν.
778 2653 1011 2710 τοιαῦτα
1040 2652 1146 2727 μὲν
1168 2654 1247 2729 τῷ
1272 2648 1501 2730 ἄρχοντι
1524 2653 1627 2726 τῆς
1650 2649 1843 2726 Βαβυ-

230 2741 410 2801 λῶνος
451 2736 672 2815 ὑπῆρχε
717 2736 896 2798 ἐόντα.
979 2736 1055 2797 ‘H
1099 2737 1159 2797 δὲ
1200 2741 1278 2819 γῆ
1327 2742 1438 2798 τῶν
1481 2736 1936 2817 Ἀσσυρίων193

204 2809 386 2887 ὕεται
426 2826 533 2904 μὲν
574 2824 766 2907 ὀλίγῳ,
810 2851 903 2884 και
947 2825 1014 2886 τό
1063 2827 1335 2904 ἐκτρέφον
1374 2825 1479 2902 τὴν
1531 2827 1690 2902 ῥίζαν
1741 2830 1844 2885 τοῦ

231 2914 396 2975 σίτου
434 2913 561 2973 ἐστὶ
588 2917 774 2973 τοῦτο·
817 2911 1124 2991 ἀρδόμενον
1154 2914 1347 2991 μέντοι
1372 2918 1433 2972 ἐκ
1457 2918 1558 2973 τοῦ
1583 2916 1842 2989 ποταμοῦ

229 3001 531 3081 ἁδρύνεταί
554 3027 618 3061 τε
651 3000 718 3061 τό
753 2998 934 3076 λήϊον,
967 3001 1061 3060 καὶ
1097 3001 1462 3081 παραγίνεται
1494 2998 1527 3059 ὅ
1564 3002 1740 3068 σῖτος,
1774 2996 1842 3058 οῦ

228 3088 484 3168 κατάπερ
528 3093 588 3149 ἐν
629 3086 893 3168 Αἰγύπτῳ
936 3086 1108 3148 αῦτοῦ
1158 3091 1259 3147 τοῦ
1305 3090 1563 3163 ποταμοῦ
1610 3084 1845 3161 ἀναβαί-

229 3203 425 3243 νοντος
461 3182 518 3240 ἐς
551 3175 653 3239 τοὶς
688 3174 943 3254 ἀρούρας,
980 3172 1138 3234 ἀλλὰ
1168 3172 1341 3252 χερσί
1369 3198 1430 3232 τε
1458 3172 1551 3232 καὶ
1577 3173 1843 3250 κηλωνηί-

229 3291 351 3326 οισι
410 3264 737 3343 οἶρδόμενος·
803 3261 845 3338 ἦ
893 3261 1006 3343 γὰρ
1060 3258 1402 3337 Βαβυλωνίη
1453 3259 1611 3339 χώρη
1662 3263 1843 3329 πᾶσα,
