2184 3517
312 106 410 156 144
903 99 1275 151 ἨΡΟΔΟΤΟΤ

305 181 611 258 μελαινέων
639 185 750 242 τῶν
774 182 1107 261 μαχομένων
1137 180 1279 258 πρός
1313 179 1444 245 τούς
1479 178 1613 257 ὄφις
1641 179 1743 256 ἥδε
1775 182 1913 260 ἰδέη·

304 273 415 330 τῶν
441 269 488 328 δ’
515 274 578 343 ε’ν,
597 270 739 329 ποσὶ
770 273 998 346 μᾶλλον
1026 269 1356 345 εἱλευμένων
1379 271 1532 329 τοῖσι
1564 266 1915 347 ἀνθρώποισι

308 356 475 436 (διξαὶ
505 358 616 438 γὰρ
644 358 713 434 δή
729 361 858 420 ,εἶσι
896 360 956 417 αἱ
985 357 1154 435 ἴβιες)
1182 356 1300 433 ἥδε·
1342 355 1486 435 ψιλὴ
1512 354 1617 432 τὴν
1654 359 1914 434 κεφαλὴν

308 446 399 504 καὶ
423 445 527 523 τήν
547 445 732 524 δειρὴν
752 449 965 506 πᾶσαν·
992 443 1165 522 λευκή
1186 447 1463 522 πτεροῖσι,
1480 444 1636 519 πλὴν
1657 450 1914 523 κεφαλῆς

310 533 401 591 καὶ
427 532 658 614 αὐχένος
683 533 775 592 καὶ
801 532 981 611 ἄκρων
998 535 1110 593 τῶν
1129 530 1417 613 πτερύγων
1438 533 1532 592 καὶ
1550 535 1651 593 τοῦ
1671 535 1913 615 πυγαίου

308 619 498 700 ἄκρου·
523 626 701 683 ταῦτα
726 622 787 682 δὲ
810 620 884 682 τοὶ
905 621 1060 681 εἶπον
1078 619 1263 681 πάντα
1287 621 1531 697 μέλαινά
1556 624 1683 681 ε’στι
1709 621 1911 687 δεινῶς·

309 710 520 768 σκέλεα
550 709 609 768 δὲ
645 710 737 768 καὶ
773 707 1079 787 πρόσωπον
1113 708 1363 786 ἐμφερὴς
1390 711 1464 787 τῇ
1499 710 1676 787 ἑτέρῃ·
1715 714 1817 770 τοῦ
1853 711 1913 771 δὲ

308 795 472 873 ὄφιος
496 796 536 873 ἦ
560 796 757 875 μορφή
786 797 875 874 οἴη
900 821 1006 874 περ
1032 799 1143 857 τῶν
1168 795 1363 874 ὕδρων·
1400 797 1578 856 πτίλα
1606 796 1666 855 δὲ
1692 796 1759 858 οὗ
1784 824 1912 859 πτε·

308 883 458 961 ρωταῖ
508 886 716 963 φορέει,
762 883 917 945 ἀλλὰ
957 887 1112 944 τοῖσι
1152 888 1254 960 τῆς
1295 885 1607 962 νυκτερίδος
1652 889 1914 963 πτεροῖσι

308 971 565 1048 μάλιστά
596 999 665 1050 κη
693 973 1107 1051 ἐμφερέστατα·
1147 974 1399 1037 τοσαῦτα
1422 974 1528 1049 μὲν
1555 973 1761 1050 θηρίων
1784 974 1916 1051 πέρι

312 1062 442 1137 ἶρῶν
467 1061 726 1138 εἰρήσθω.

216 1146 290 1209 77
391 1147 586 1210 Αὐτῶν
623 1150 683 1209 δὲ
718 1148 787 1225 δή
816 1147 1135 1229 Αἰγυπτίων
1166 1147 1221 1207 οἳ
1254 1147 1359 1224 μὲν
1389 1146 1520 1225 περὶ
1548 1145 1654 1223 τήν
1684 1173 1913 1227 σπειρο-

307 1237 480 1313 μένην
505 1237 789 1317 Αἵγυπτον
815 1236 1075 1306 οἰκέουσι,
1102 1233 1332 1312 μνήμην
1358 1233 1662 1312 ἀνθρώπων
1692 1235 1916 1297 πάντων

310 1326 674 1388 ἐπασκέοντες
712 1323 985 1402 μάλιστα,
1026 1321 1370 1404 λογιώτατοί
1413 1326 1525 1383 εἶσι
1569 1327 1767 1403 μακρῷ
1803 1329 1916 1385 τῶν

309 1411 418 1493 ἐγώ
455 1418 510 1476 ἐς
550 1412 836 1489 διάπειραν
870 1410 1172 1489 ἀπικόμην.
1239 1410 1430 1491 τρόπῳ
1462 1410 1522 1470 δὲ
1557 1410 1688 1488 ζόης
1721 1412 1914 1492 τοιῷδε

309 1499 687 1579 διαχρέωνται·
720 1499 1095 1578 συρμαΐζουσι
1113 1501 1260 1578 τρεῖς
1284 1498 1495 1576 ἡμέρας
1515 1499 1715 1574 ἐπεξῆς
1740 1500 1916 1578 μηνός

309 1588 550 1649 ἑκάστου
591 1588 840 1663 ε’μέτοισι
873 1586 1185 1664 θηρώμενοι
1221 1585 1326 1662 τήν
1356 1585 1570 1667 ὑγιείην
1606 1586 1699 1646 καὶ
1738 1587 1913 1648 κλύσ-

306 1701 469 1753 μασι,
497 1676 811 1752 νομίζοντες
844 1673 959 1734 οἷπό
991 1677 1104 1734 τῶν
1137 1673 1457 1752 τρεφόντων
1490 1674 1685 1734 σιτίων
1721 1675 1917 1740 πάσας

306 1764 409 1829 τοὶς
447 1762 681 1827 νούσους
721 1766 874 1823 τοῖσι
914 1760 1262 1842 ἀνθρώποισι
1299 1763 1579 1843 γίνεσθαι.
1655 1764 1769 1822 εἶσὶ
1808 1766 1915 1841 μὲν

306 1853 419 1934 γὰρ
446 1852 538 1912 καὶ
564 1851 752 1915 ἄλλως
779 1849 1077 1933 Αἰγύπτιοι
1101 1850 1246 1929 μετὰ
1271 1851 1493 1927 Λίβυας
1517 1850 1916 1932 ὖγιηρέστατοι

304 1941 527 2008 4πάντων
551 1938 869 2017 ἀνθρώπων,
894 1944 1005 2001 τῶν
1039 1939 1220 2018 ὥρέων
1246 1938 1480 2018 (δοκέειν
1512 1939 1660 2020 ε’μοὶ)
1690 1939 1911 2012 εἵνεκεν,

307 2028 396 2090 ὅτι
420 2027 486 2089 οὗ
507 2027 983 2105 μεταλλάσσουσι
1009 2031 1067 2087 αἱ
1095 2026 1249 2105 ὧραι·
1284 2030 1343 2087 ἐν
1367 2026 1479 2108 γάρ
1499 2031 1636 2105 τῇσι
1661 2029 1913 2105 μεταβο-

307 2118 451 2196 λῇσι
475 2120 630 2177 τοῖσι
659 2115 1005 2194 ἀνθρώποισι
1036 2118 1094 2175 αἱ
1127 2118 1322 2176 νοῦσοι
1356 2114 1615 2191 μάλιστα
1640 2116 1911 2196 γίνονται,

304 2209 416 2266 τῶν
438 2231 501 2266 τε
525 2205 714 2265 ἄλλων
733 2204 952 2266 πάντων
973 2205 1065 2264 καὶ
1091 2203 1160 2280 δὴ
1183 2204 1275 2263 καὶ
1300 2207 1412 2263 τῶν
1433 2202 1613 2280 αἱρέων
1630 2203 1911 2281 μάλιστα.

305 2293 726 2376 ἀρτοφαγέουσι
762 2294 822 2353 δὲ
858 2298 918 2353 ἐκ
953 2296 1063 2354 τῶν
1100 2290 1343 2369 ὀλυρέων
1377 2295 1661 2356 ποιεῦντες
1692 2291 1911 2369 ἄρτους,

303 2383 434 2448 τούς
469 2386 666 2444 ε’κεῖνοι
703 2381 1011 2457 κυλλήστις
1044 2379 1404 2457 ὄνομάζουσι.
1472 2380 1600 2459 οἴνῳ
1626 2379 1673 2439 δ’
1702 2385 1765 2440 ἐκ
1795 2406 1911 2458 κρι-

308 2472 445 2532 θέων
469 2471 820 2550 πεποιημένω
846 2468 1224 2549 διαχρέωνται·
1259 2466 1323 2528 οὖ
1349 2466 1460 2549 γοῖρ
1481 2468 1599 2544 σφί
1622 2470 1734 2526 εἶσι
1760 2472 1819 2527 ἐν
1835 2472 1913 2548 τῇ

304 2559 459 2638 χώρῃ
512 2556 777 2635 αμπελοι.
863 2557 1065 2637 ἶχθύων
1119 2557 1180 2615 δὲ
1230 2580 1360 2619 τους
1402 2557 1508 2632 μὲν
1556 2581 1698 2633 προς
1744 2554 1916 2632 ἥλιον

307 2645 603 2725 αὐήναντες
630 2643 811 2722 ὤμους
837 2646 1134 2715 σιτέονται,
1155 2670 1285 2708 τους
1312 2643 1372 2703 δὲ
1400 2643 1462 2713 ἐξ
1486 2642 1671 2720 αλμης
1694 2669 1916 2720 τεταρι-

303 2735 621 2813 χευμένους.
683 2732 914 2810 ορνίθων
942 2733 1001 2792 δὲ
1025 2731 1157 2796 τούς
1180 2757 1243 2792 τε
1269 2757 1509 2813 ορτυγας
1530 2732 1622 2791 καὶ
1646 2730 1747 2796 τοὶς
1774 2731 1915 2809 νήσ-

306 2847 415 2886 σας
441 2822 534 2881 καὶ
558 2820 630 2881 ταῖ
656 2821 872 2899 σμικροὶ
895 2825 1006 2881 τῶν
1033 2819 1287 2898 ὄρνιθίων
1307 2819 1433 2896 ὠμοὶ
1453 2820 1751 2891 σιτέονται,
1770 2845 1919 2898 προ-

304 2909 751 2990 ταριχεύσαντες·
792 2909 865 2968 τοὶ
896 2901 962 2967 δὲί
986 2908 1144 2967 ἄλλα
1174 2907 1287 2967 ὅσα
1313 2906 1351 2984 ἢ
1383 2907 1616 2986 ὀρνίθων
1639 2906 1676 2984 ἢ
1705 2907 1920 2987 ἰχθύων

305 2999 433 3058 ε’στί
468 3003 580 3073 σφι
622 2994 877 3076 ἐχόμενα,
909 2997 1077 3076 χωρὶς
1108 2995 1145 3072 ἢ
1179 2994 1376 3055 ὁκόσοι
1417 3003 1530 3073 σφι
1550 2996 1681 3073 ’ἱροὶ
1710 2995 1919 3055 ἀποδε-

303 3083 549 3161 δέχαται,
574 3084 704 3148 τούς
734 3085 970 3148 λοιποὺς
1004 3083 1212 3148 dvx-roos-
1244 3084 1337 3143 καὶ
1365 3083 1571 3159 ἑφθούς
1602 3084 1916 3144 σιτέονται.

215 3165 404 3228 78Ἐν
421 3170 481 3227 δὲ
504 3174 640 3247 τῇσι
665 3173 1028 3250 συνουσίῃσι,
1038 3174 1194 3232 τοῖσι
1221 3170 1513 3248 εὐδαίμοσι
1539 3170 1719 3232 αὐτῶν
1740 3169 1920 3232 ε’πειὶν

305 3251 417 3311 οἷπό
444 3254 665 3316 δείπνου
684 3257 947 3336 γένωνται
972 3258 1262 3334 περιφέρει
1289 3256 1431 3334 οἷνήρ
1452 3258 1648 3335 νεκρὰν
1668 3263 1726 3318 ε’ν
1751 3263 1920 3342 σορῷ
