2184 3517
353 86 450 137 290
545 140 584 159 Ι
957 82 1347 133 ··ΗΡοΔοΤοί·
1835 84 1962 151 [IV.

352 165 446 224 καὶ
499 163 907 241 καταταμόντες
956 163 1029 224 τοὶ
1074 162 1226 241 κρέα,
1269 160 1689 240 κατατάμνουσι
1729 162 1824 222 καὶ
1861 162 1964 224 τόν

351 257 451 312 τοῦ
518 251 813 329 δεκομένου
879 252 1158 312 τεθνεῶτα
1213 251 1403 333 γονέα·
1486 249 1852 328 ἀναμίξαντες
1907 251 1967 312 δὲ

354 339 536 401 πάντα
571 341 642 400 τοὶ
676 341 825 417 κρέα,
854 340 1017 399 δαῖτα
1046 338 1429 416 προτιθέαται·
1469 338 1575 415 τήν
1612 339 1672 397 δὲ
1706 340 1967 416 κεφαλήν

357 426 527 488 αὐτοῦ
571 426 922 506 ψιλώσαντες
959 427 1053 487 καὶ
1089 426 1509 505 ἐκκαθήραντες,
1539 430 1968 507 καταχρυσοῦσι

357 516 452 575 καὶ
483 517 671 575 ἔπειτα
711 514 809 575 ἅτε
845 515 1134 597 ἀγάλματι
1168 516 1456 595 χρέωνται,
1484 516 1686 579 θυσίας
1711 516 1968 596 μεγάλας

360 605 611 667 ε’πετέους
653 603 1045 667 ἐπιτελέοντες·
1086 605 1221 667 παῖς
1255 603 1315 662 δὲ
1345 603 1520 679 πατρὶ
1557 606 1730 663 τοῦτο
1769 604 1967 673 ποιέει,

357 690 602 767 κατάπερ
642 693 697 749 οἱ
727 690 1007 767 Ἕλληνες
1043 690 1118 752 τοὶ
1155 691 1403 773 γενέσια·
1445 689 1635 754 ἄλλως
1676 690 1742 749 δὲ
1765 690 1970 751 δίκαιοι

357 778 450 836 καὶ
490 775 645 838 οὗτοι
683 779 947 858 λέγονται
988 778 1148 838 εἶναι·
1204 778 1524 855 ἰσοκρατέες
1562 778 1623 837 δὲ
1663 776 1873 855 ὁμοίως
1909 783 1969 840 αἱ

354 868 610 946 γυναῖκες
659 868 816 926 τοῖσι
867 863 1126 944 ἀνδράσι.
1205 864 1576 947 γινώσκονται
1613 866 1720 942 μὲν
1754 864 1834 942 δή
1877 867 1967 927 καὶ

357 949 529 1013 οὗτοι.

260 1038 338 1101 27
437 1041 517 1102 Τὸ
547 1041 609 1101 δὲ
639 1040 751 1102 cim?
787 1040 995 1103 τούτων
1019 1041 1087 1103 τό
1126 1041 1452 1121 κατύπερθε,
1487 1040 1819 1115 Ἰσσηδόνες
1857 1043 1969 1103 εἶσὶ

357 1132 413 1189 οἶ
462 1130 721 1210 λέγοντες
770 1129 901 1193 τούς
958 1128 1439 1207 μουνοφθάλμους
1495 1128 1825 1207 ἀνθρώπους
1878 1132 1970 1191 καὶ

354 1216 485 1281 τοῦς
526 1217 970 1297 χρυσοφύλακας
1004 1217 1233 1295 Γρύπας
1269 1217 1428 1279 εἶναι·
1469 1218 1625 1295 παροὶ
1660 1218 1722 1278 δὲ
1755 1218 1970 1280 τούτων

359 1303 571 1368 Σκύθαι
608 1305 1039 1383 παραλαβόντες
1077 1306 1335 1387 λέγουσι·
1411 1306 1566 1384 παροὶ
1606 1303 1667 1364 δὲ
1708 1306 1971 1370 Σκυθέων

356 1391 517 1468 ἡμεῖς
543 1396 597 1453 οἱ
622 1391 796 1454 ἄλλοι
820 1394 1200 1471 νενομίκαμεν,
1230 1393 1323 1452 καὶ
1359 1390 1739 1470 ούνομάζομεν
1765 1393 1970 1460 ath-0135

358 1480 628 1543 Σκυθιστὶ
666 1479 1073 1558 Ἀριμασπούς·
1120 1479 1390 1541 ἈΡΙΜΑ
1435 1480 1549 1561 γοῖρ
1592 1480 1652 1540 ἓν
1693 1483 1971 1543 καλέουσι

247 1568 339 1637 128
358 1566 583 1639 Σκύθαι,
613 1568 828 1632 ΣΠΟΥ
854 1569 913 1628 δὲ
940 1567 1042 1629 τᾶν
1080 1565 1404 1645 ὀφθαλμόν.
1488 1569 1883 1647 Δυσχείμερος
1909 1570 1970 1631 δὲ

356 1652 496 1737 αὕτη
519 1655 560 1732 ἦ
597 1656 1013 1734 καταλεχθεῖσα
1049 1659 1215 1716 πᾶσα
1252 1653 1410 1735 χῶρη
1445 1654 1589 1716 οὕτω
1627 1655 1699 1732 δή
1732 1658 1797 1717 τί
1823 1663 1967 1729 ε’στι,

358 1744 491 1805 ἔνθα
512 1744 642 1809 τούς
667 1746 771 1822 μὲν
806 1743 954 1805 ὀκτώ
988 1749 1102 1806 τῶν
1130 1748 1320 1823 μηνῶν
1355 1744 1643 1822 ἀφόρητος
1675 1745 1794 1810 οἶος
1818 1748 1968 1829 γίνε-

355 1857 450 1892 ται
476 1831 698 1911 κρυμὸς,
725 1837 786 1892 ἐν
809 1835 964 1894 τοῖσι
988 1830 1188 1910 ὕδωρ’
1162 1833 1359 1912 εκχέας
1383 1833 1572 1911 πηλον
1598 1832 1665 1893 οὔ
1689 1834 1967 1911 ποιήσεις,

355 1923 469 1998 πῦρ
508 1920 568 1980 δὲ
613 1919 890 1982 α’νακαίων
928 1920 1186 1997 ποιήσεις
1235 1921 1442 1997 πηλόν·
1507 1921 1547 1997 ἦ
1588 1920 1650 1981 δὲ
1690 1920 1970 1984 θάλασσα

358 2002 651 2089 πήγνυται,
696 2008 790 2069 καὶ
828 2009 862 2071 ὁ
904 2007 1208 2086 Βόσπορος
1243 2012 1357 2072 πᾶς
1396 2007 1430 2070 ὅ
1471 2008 1805 2086 Κιμμέριος·
1873 2011 1969 2071 καὶ

358 2095 452 2155 ε’πὶ
475 2100 577 2157 τοῦ
613 2095 974 2175 κρυστάλλου
1008 2100 1066 2158 οἶ
1105 2097 1259 2161 ε’ντός
1286 2096 1509 2175 τάφρης
1543 2096 1757 2162 Σκύθαι
1783 2123 1968 2160 κατοι-

358 2185 586 2261 κημένοι
626 2184 1039 2265 στρατεύονται,
1078 2186 1172 2245 καὶ
1199 2183 1302 2249 τοὶς
1339 2184 1561 2263 ἁμάξας
1591 2184 1969 2247 ἐπελαύνουσι

357 2274 533 2350 πέρην
583 2278 640 2338 ἐς
689 2273 821 2339 τούς
874 2271 1122 2338 Σινδούς·
1191 2272 1332 2334 οὕτω
1381 2275 1486 2350 μὲν
1531 2270 1602 2348 δὴ
1646 2271 1780 2336 τοῦς
1821 2271 1967 2336 dno-«3

355 2364 538 2437 μῆνας
589 2360 857 2423 διατελέει
906 2359 1117 2440 χειμῶν
1167 2359 1291 2423 ε’ὥν·
1355 2360 1487 2425 τούς
1535 2358 1585 2419 δ’
1638 2360 1968 2426 ἐπιλοίπους

356 2450 632 2528 τέσσερας
662 2449 849 2530 ψύχεα
879 2448 1075 2510 αυτόθι
1110 2448 1255 2509 ε’στί.
1337 2446 1676 2528 κεχώρισται
1716 2447 1779 2508 δε
1804 2446 1966 2513 οὗτος

355 2533 390 2595 ὁ
421 2561 632 2616 χειμων
667 2562 799 2601 τους
834 2535 1078 2615 τρόπους
1116 2540 1265 2597 πᾶσι
1301 2539 1457 2597 τοῖσι
1495 2540 1556 2596 ἐν
1593 2534 1836 2597 ἄλλοισι
1857 2560 1965 2614 χω-

354 2624 530 2698 ρίοισι
561 2625 909 2705 γινομένοισι
945 2628 1208 2704 χειμῶσι·
1261 2628 1322 2686 ἐν
1358 2627 1437 2702 τῷ
1473 2622 1577 2699 τὴν
1615 2625 1721 2699 μὲν
1756 2622 1966 2701 ωραίην

359 2708 461 2769 οὔκ
511 2708 604 2770 ὕει
634 2710 813 2792 λόγου
854 2710 1011 2782 ἄξιον
1057 2711 1232 2782 οὐδὲν,
1272 2710 1342 2773 τὰ
1394 2710 1457 2771 δὲ
1505 2711 1667 2788 θέρος
1708 2709 1819 2771 ὕων
1862 2709 1963 2771 οὐκ

358 2796 517 2857 α’νίει·
565 2799 811 2877 βρονταί
828 2823 893 2860 τε
917 2799 1062 2876 ἦμος
1085 2803 1159 2879 τῇ
1190 2798 1345 2878 ἄλλῃ
1369 2797 1637 2881 γίνονται,
1660 2801 1964 2874 τηνικαῦτα

356 2887 461 2963 μὲν
514 2884 580 2945 οὔ
631 2886 901 2968 γίνονται·
969 2886 1159 2963 θέρεος
1210 2886 1271 2946 δὲ
1331 2884 1713 2964 ἀμφιλαφέες·
1778 2883 1852 2961 ἢν
1903 2884 1963 2945 δὲ

356 2976 627 3053 χειμῶνος
689 2973 908 3052 βροντὴ
973 2973 1218 3053 γένηται,
1276 2972 1347 3037 ὥς
1411 2974 1575 3050 τέρας
1639 2971 1962 3050 νενόμισται

356 3059 732 3134 θωμάζεσθαι·
774 3060 845 3124 ὣς
884 3060 945 3120 δὲ
985 3061 1079 3119 καὶ
1118 3059 1190 3137 ἢν
1229 3060 1468 3137 σεισμός
1504 3061 1749 3141 γένηται,
1793 3058 1864 3136 ἦν
1900 3083 1962 3119 τε

357 3144 544 3220 θέρεος
581 3144 652 3222 ἤν
689 3171 754 3206 τε
790 3149 1079 3225 χειμῶνος,
1113 3152 1173 3207 ἐν
1210 3152 1286 3227 τῇ
1325 3147 1573 3227 Σκυθικῇ
1610 3147 1775 3225 τέρας
1816 3146 1960 3208 νενό-

356 3252 574 3303 μισται·
616 3231 780 3291 ἵπποι
820 3233 883 3292 δὲ
917 3232 1247 3313 ἀνεχόμενοι
1289 3235 1533 3313 φέρουσι
1574 3233 1676 3295 τόν
1715 3238 1963 3315 χειμῶνα
