2184 3517
259 131 422 195 1—4]
916 130 1241 180 mmmm.
1777 136 1873 183 109

259 211 362 269 καὶ
405 209 642 291 ἐγένετο·
696 207 770 272 ὥς
805 208 919 290 γὰρ
954 208 1136 283 διέτης
1177 207 1380 287 χρόνος
1417 206 1669 289 ἐγεγόνεε
1696 212 1876 267 ταῦτα

256 301 341 375 τῷ
399 296 623 373 ποιμένι
672 295 1010 373 πρήσσοντι,
1071 295 1352 377 ἀνοίγοντι
1400 295 1505 370 τήν
1556 293 1728 371 θύρην
1781 295 1875 354 καὶ

258 382 483 444 ἐσιόντι
523 382 598 444 τα
651 383 847 443 παιδία
889 382 1189 461 ἀμφότερα
1228 383 1661 460 προσπίπτοντα
1704 381 1876 458 βεκός

257 469 530 547 ἐφώνεον,
574 471 845 552 ὀρέγοντα
888 471 989 534 τοὶς
1028 475 1237 550 χεῖρας·
1295 470 1368 530 τοὶ
1417 472 1522 547 μὲν
1568 468 1636 545 δὴ
1681 474 1877 548 πρῶτα

256 559 513 623 ἀκούσας
537 559 753 637 ἥσυχος
783 558 855 634 ἦν
891 558 924 618 ὁ
954 559 1185 635 ποιμήν,
1215 557 1286 621 ὥς
1321 559 1381 617 δὲ
1405 556 1656 617 πολλάκι
1687 559 1874 635 φοιτέ-

255 673 389 710 οντι
433 648 526 706 καὶ
573 647 954 726 ἐπιμελομένῳ
1000 646 1223 707 πολλόν
1267 645 1338 722 ἦν
1388 650 1557 706 τοῦτο
1607 644 1676 706 vd
1725 646 1873 718 ἔπος,

255 735 410 794 οὕτω
451 734 519 811 δὴ
560 733 818 814 σημήνας
851 739 930 813 τῷ
966 733 1215 813 δεσπότῃ
1245 733 1427 814 ἤγαγε
1459 734 1533 794 τσῖ
1558 733 1754 793 παιδία
1786 760 1872 794 κε-

253 822 575 886 λεύσαντος
599 828 656 887 ἐς
681 822 813 901 ὄψιν
836 822 941 898 τήν
966 823 1195 883 ἐκείνου·
1238 821 1485 885 ἀκούσας
1510 822 1569 881 δὲ
1596 824 1687 882 καὶ
1708 822 1873 886 αὖτός

254 910 292 971 ὅ
327 911 702 991 Ψαμμίτιχος,
751 909 1085 971 ἐπυνθάνετο
1124 910 1319 974 οἵτινες
1357 909 1658 988 ἀνθρώπων
1695 910 1892 987 βεκός·

253 999 324 1058 τί
348 1000 636 1059 καλέουσι·
686 998 1100 1075 πυνθανόμενος
1126 998 1186 1058 δὲ
1213 997 1435 1077 εὕρισκε
1460 998 1682 1080 Φρύγας
1708 999 1870 1059 καλέ·

253 1112 432 1150 οντας
477 1112 578 1148 τον
630 1085 820 1165 ἄρτον·
909 1086 1052 1146 οὕτω
1104 1085 1507 1165 συνεχώρησαν
1557 1086 1871 1168 Αἰγύπτιοι,

252 1174 361 1234 καὶ
384 1174 614 1255 τοιούτω
641 1173 1111 1252 σταθμησάμενοι
1139 1174 1449 1255 πρήγματι,
1487 1199 1617 1236 τους
1647 1172 1871 1256 Φρύγας

249 1264 686 1341 πρεσβυτέρους
712 1263 852 1323 εἶναι
876 1266 1109 1324 ἑωυτῶν.
1177 1260 1321 1322 Ὧδε
1309 1264 1449 1374 siv
1471 1262 1736 1345 γενέσθαι
1759 1266 1870 1323 τῶν
1886 1264 1925 1323 3

253 1352 425 1428 ἱρέων
461 1355 561 1412 τοῦ
585 1351 911 1428 Ἡφαίστου
954 1356 1012 1412 ἐν
1052 1349 1262 1428 Μέμφι
1296 1349 1518 1426 ἤκουον.
1589 1348 1868 1427 Ελληνες

253 1439 324 1499 δὲ
351 1439 588 1522 λέγουσι
613 1438 769 1500 ἅλλα
792 1465 856 1500 τε
885 1438 1098 1515 μάταια
1127 1439 1342 1509 πολλοὶ,
1385 1439 1477 1499 καὶ
1504 1436 1575 1502 ὥς
1598 1442 1864 1520 γυναικῶν

249 1527 367 1590 τοὶς
407 1526 679 1609 γλώσσας
728 1527 762 1588 ὅ
805 1528 1162 1607 Ψαμμίτιχος
1212 1526 1462 1606 ἐκταμῶν
1499 1526 1604 1603 τήν
1656 1526 1869 1588 δίαιταν

254 1614 435 1680 οὕτως
476 1615 784 1693 ἐποιήσατο
828 1619 938 1676 τῶν
990 1616 1202 1675 παίδων
1253 1615 1408 1694 παρὰ
1453 1614 1693 1694 ταύτῃσι
1729 1618 1868 1694 τῇσι

250 1704 497 1785 γυναιξί.
580 1704 721 1766 κατοὶ
758 1705 863 1781 μὲν
903 1703 972 1780 δὴ
1008 1702 1115 1780 τήν
1151 1703 1374 1781 τροφήν
1404 1709 1517 1765 τῶν
1542 1704 1753 1764 παίδων
1776 1728 1867 1764 το·-

254 1795 448 1852 σαῦτα
473 1793 686 1873 ἔλεγον·
737 1791 957 1869 ἤκουσα
983 1792 1042 1852 δὲ
1069 1791 1162 1850 καὶ
1187 1791 1342 1851 ἄλλα
1368 1797 1428 1853 ἐν
1453 1794 1661 1870 Μέμφι
1688 1792 1866 1852 ἐλθῶν

254 1884 317 1943 ἐς
351 1878 557 1961 λόγους
586 1883 740 1941 τοῖσι
780 1883 962 1957 ἱρεῦσι
995 1884 1096 1940 τοῦ
1122 1879 1467 1956 Ἡφαίστου.
1552 1882 1645 1940 καὶ
1675 1878 1745 1955 δή
1773 1880 1867 1939 καὶ

254 1972 319 2030 ἐς
372 1967 573 2047 Θήβας
622 1994 686 2029 τε
739 1969 831 2029 καὶ
886 1972 942 2031 ἐς
990 1967 1366 2030 Ἡλιούπολιν
1427 1967 1608 2029 αὐτῶν
1659 1967 1869 2029 τούτων

254 2054 466 2117 εἵνεκεν
501 2056 835 2135 ἐτραπόμην,
883 2056 1088 2115 ἐθέλων
1134 2056 1333 2117 εἰδέναι
1374 2060 1423 2117 εἰ
1464 2055 1866 2133 συμβήσονται

253 2147 416 2205 τοῖσι
445 2143 675 2226 λόγοισι
707 2148 863 2206 τοῖσι
898 2149 958 2204 ἐν
994 2144 1222 2221 Μέμφι·
1275 2170 1330 2204 οι
1365 2143 1477 2227 γὰρ
1501 2143 1866 2204 Ἡλιουπολῖ-

251 2257 356 2292 ται
373 2233 635 2315 λέγονται
650 2233 967 2315 Αιγυπτίων
995 2231 1135 2292 εἶναι
1158 2231 1508 2312 λογιωτατοι·
1550 2258 1623 2291 τα
1639 2232 1745 2308 μέν
1769 2256 1869 2292 νυν

255 2322 389 2382 θεῖα
427 2325 538 2383 τῶν
576 2320 955 2404 ἀπηγημάτων
1001 2320 1095 2380 οἶα
1132 2318 1337 2396 ἤκουον
1382 2344 1483 2379 ουκ
1527 2319 1638 2395 εἰμὶ
1678 2318 1882 2395 πρόθυ-

252 2434 370 2487 μος
404 2410 747 2491 ἐξηγέεσθαι,
793 2410 894 2479 ἔξω
925 2406 963 2485 ἢ
994 2408 1067 2469 τιὶ
1105 2407 1388 2485 οἰνόματα
1425 2404 1605 2467 αὐτῶν
1643 2410 1865 2483 μοῦνον,
1957 2423 1966 2427 ’

254 2498 497 2574 νομίζων
519 2496 731 2561 πάντας
761 2496 1083 2575 ἀνθρώπους
1118 2497 1246 2556 ἴσον
1274 2496 1404 2574 περὶ
1430 2494 1609 2556 αὐτῶν
1636 2494 1864 2554 ἐπίστα-

255 2587 421 2647 σθαι·
463 2585 538 2647 τοὶ
577 2586 624 2645 δ’
665 2583 733 2647 ἂν
774 2586 1102 2663 ἐπιμνησθῶ
1141 2584 1336 2656 αὐτῶν,
1387 2582 1498 2644 §fra
1548 2587 1651 2644 τοῦ
1688 2581 1868 2664 λόγου

256 2673 770 2757 ἐξαναγκαζόμενος
795 2672 1313 2751 ἐπιμνησθήσομαι.
1384 2670 1546 2733 Ὅσα
1576 2672 1637 2732 δὲ
1662 2670 1867 2750 ἅνθρω-
1884 2672 1922 2733 4

254 2762 404 2838 πήῖα
454 2761 762 2844 πρήγματα
811 2759 918 2822 ὦδε
969 2763 1166 2844 ἔλεγον
1217 2761 1619 2844 ὁμολογέοντες
1671 2762 1863 2838 σφίσι·

253 2850 513 2928 πρώτους
557 2852 893 2934 Αἰγυπτίους
944 2849 1247 2928 α’νθρῶπων
1298 2850 1554 2911 ἁπάντων
1606 2848 1870 2926 ἐξευρέειν

253 2938 362 3001 τὸν
387 2938 651 3013 ἐνιαυτόν,
682 2939 925 2999 δυόδεκα
953 2938 1129 3016 μέρεα
1161 2938 1509 3015 δασαμένους
1542 2941 1653 2998 τῶν
1684 2936 1865 3014 ὦρέων

257 3033 322 3091 ἐς
344 3027 534 3089 αὐτόν·
590 3031 766 3088 ταῦτα
791 3026 851 3087 δὲ
887 3026 1152 3104 ἐξευρέειν
1177 3032 1239 3086 ἐκ
1262 3031 1372 3086 τῶν
1398 3025 1621 3102 ἄστρων
1646 3024 1861 3104 ἔλεγον·

256 3115 470 3199 ἄγουσι
496 3116 557 3177 δὲ
581 3116 794 3196 τοσῷδε
821 3114 1150 3192 σοφώτερον
1172 3112 1478 3188 Ἑλλήνων,
1499 3112 1624 3190 ἐμοὶ
1643 3110 1867 3184 δοκέειν,

258 3204 382 3285 ὅσῳ
397 3203 681 3281 Ἕλληνες
705 3207 810 3281 μὲν
835 3202 927 3263 διὰ
955 3203 1147 3280 τρίτου
1174 3202 1320 3263 ἔτεος
1348 3199 1666 3277 ἐμβόλιμον
1697 3204 1866 3276 ἐπεμ-

260 3292 565 3372 βάλλουσι
601 3296 715 3355 τῶν
740 3290 922 3372 ὁρέων
947 3290 1166 3361 εἵνεκεν,
1191 3287 1490 3371 Αἰγύπτιοι
1521 3286 1583 3347 δὲ
1619 3312 1867 3365 τριηκον-
