2184 3517
308 108 373 154 56
923 104 1289 156 ἨΡΟΔΟΤΟΤ

306 186 690 268 Ἀγβατάνων,
742 180 836 247 καὶ
881 185 1023 263 πρὸς
1073 189 1177 246 τοῦ
1221 184 1429 247 πόντου
1472 187 1575 246 τοῦ
1625 183 1913 255 Εὐξείνου.

305 274 479 354 ταύτῃ
525 277 629 353 μὲν
673 274 784 357 γὰρ
829 274 868 350 ἦ
914 273 1142 350 Μηδικὴ
1189 272 1346 351 χώρη
1387 272 1530 350 πρὸς
1584 273 1917 350 Σασπείρων

307 361 491 440 ὀρεινή
534 368 656 422 ἐστι
691 362 885 439 κάρτα·
931 361 1048 443 [καὶ
1081 360 1276 439 ὖψηλή
1316 386 1378 420 τε
1419 362 1511 421 καὶ
1550 361 1707 437 ἴδῃσι
1745 386 1915 436 συνη-

304 449 500 527 ρεφής·
541 450 579 525 ἦ
607 450 668 509 δὲ
692 448 844 525 ἅλλη
871 449 1099 524 Μηδικὴ
1132 447 1287 526 χώρη
1316 449 1439 508 ἐστὶ
1470 452 1635 507 πᾶσα
1665 446 1913 529 ἄπεδος]

308 539 429 597 ἐπεὶ
463 537 538 598 ὧν
570 537 602 597 ὁ
625 536 910 613 βουκόλος
939 537 1162 615 σπουδῇ
1196 539 1390 614 πολλῇ
1417 534 1754 613 καλεόμενος
1788 534 1913 595 ἀπί-

309 652 451 696 κετο,
482 627 640 706 ἔλεγε
667 625 698 684 ὁ
720 624 1014 705 “Apa-ayne
1037 624 1188 684 τάδε·
1217 623 1478 684 ’(κελεύει
1502 649 1574 684 σε
1595 622 1914 703 Ἀστυάγης

304 713 371 775 vd
407 713 627 772 παιδίον
658 715 826 772 τοῦτο
863 711 1124 789 λαβόντα
1162 712 1337 771 θεῖναι
1374 717 1431 775 ἐς
1463 711 1531 772 τὰ
1571 710 1914 790 ἐρημότατον

254 827 265 839 ·
306 805 417 860 τῶν
445 797 662 875 οὐρέων,
691 798 828 863 ὅκως
862 797 932 859 ἂν
956 798 1203 878 τάχιστα
1228 798 1580 878 διαφθαρείη.
1663 799 1755 858 κἀὶ
1778 798 1913 861 τάδε

305 914 396 949 τοι
422 888 680 948 ἐκέλευσε
706 890 893 959 εἰπεῖν,
921 885 992 962 ἦν
1010 887 1091 963 μή
1114 886 1440 966 ἀποκτείνῃς
1465 882 1601 947 αὐτὰ
1627 885 1783 946 ἄλλο’.
1804 912 1912 966 τεῳ

305 975 492 1059 τρόπῳ
532 974 889 1055 περιποιήσῃ,
921 974 1137 1054 ὀλέθρῳ
1170 979 1249 1053 τῷ
1289 975 1533 1054 κακίστῳ
1574 1000 1645 1035 σε
1684 973 1913 1052 διαχρή-

306 1066 533 1124 σεσθαι·
593 1068 800 1141 ἐπορᾶν
851 1065 912 1123 δὲ
965 1064 1278 1140 ἐκκείμενον
1329 1063 1693 1144 διατέταγμαι
1745 1062 1910 1143 ἐγῶ.”

215 1154 326 1212 111
348 1155 537 1212 Ταῦτα
568 1151 812 1215 οἰκούσας
844 1151 876 1212 ὁ
907 1151 1190 1227 βουκόλος
1222 1151 1314 1210 καὶ
1351 1149 1657 1226 ἄναλαβῶν
1685 1149 1752 1210 τό
1784 1176 1910 1210 παι-

308 1241 425 1307 δίον
449 1239 537 1316 ἥῖε
560 1240 665 1316 τὴν
691 1239 863 1316 αὐτὴν
888 1239 1071 1300 ὀπίσω
1098 1238 1244 1309 ὁδόν,
1267 1239 1359 1298 καὶ
1386 1237 1702 1299 ἀπικνέεται
1728 1243 1783 1302 ἐς
1804 1238 1913 1316 τήν

307 1330 557 1388 ἔπαυλιν.
637 1331 715 1407 τῷ
751 1327 796 1387 δ’
823 1326 932 1404 ἄρα
965 1327 1058 1385 καὶ
1090 1326 1238 1405 αὐτῷ
1270 1325 1308 1402 ἦ
1338 1327 1496 1408 γυνὴ,
1524 1325 1715 1396 ἐπίτεξ
1736 1330 1913 1399 ἐοῦσα

306 1420 501 1476 πᾶσαν
535 1415 765 1493 ἡμέρην,
792 1414 921 1475 τότε
962 1440 1066 1478 κως
1108 1414 1251 1475 κατὰ
1286 1414 1522 1491 δαίμονα
1554 1415 1727 1474 τίκτει
1761 1419 1908 1494 οἰχο-

304 1504 473 1580 μένου
502 1507 602 1562 τοῦ
638 1500 925 1578 βουκόλου
963 1506 1019 1564 ἐς
1053 1501 1242 1564 πόλιν·
1282 1501 1452 1583 ’ἦσανρ
1469 1502 1529 1562 δὲ
1566 1507 1624 1563 ἐν
1656 1502 1913 1579 φροντίδι

306 1590 619 1668 ἀμφότεροι
643 1588 911 1665 ἀλλήλων
937 1590 1081 1667 πέρι,
1105 1588 1136 1649 ὁ
1161 1592 1265 1667 μὲν
1282 1595 1384 1651 τοῦ
1408 1589 1574 1650 τόκου
1598 1595 1700 1666 τῆς
1721 1615 1910 1671 γυναι-

306 1679 401 1741 κός
431 1678 730 1755 ἀρρωδέων,
757 1676 796 1753 ἦ
829 1678 888 1737 δὲ
922 1676 1061 1759 γυνὴ
1100 1676 1187 1737 ὅτι
1218 1675 1316 1738 οὐκ
1349 1677 1528 1742 ἐωθῶς
1559 1677 1592 1738 ὁ
1617 1676 1913 1759 Ἀρπαγος

305 1767 731 1844 μεταπέμψαιτο
772 1764 942 1841 αὐτῆς
971 1764 1070 1827 τόν
1104 1764 1297 1842 ἄνδρα.
1365 1766 1489 1829 ἐπεί
1514 1791 1578 1830 τε
1616 1765 1677 1825 δὲ
1707 1763 1911 1826 α’,πονο-

306 1854 526 1930 στήσας
553 1853 776 1929 ἐπέστη,
799 1852 891 1912 οἷα
917 1853 980 1922 ἐξ
1003 1853 1251 1913 ἀέλπτου
1278 1853 1478 1914 ἰδοῦσα
1500 1852 1538 1929 ἦ
1562 1852 1704 1935 γυνή
1731 1854 1910 1931 εἴρετο

306 1942 566 2019 προτέρη,
602 1940 635 2001 ὅ
672 1966 730 2001 τι
767 1967 865 2017 μιν
906 1941 1047 2002 οὕτω
1084 1940 1384 2018 προθύμως
1412 1940 1703 2022 Ἅρπαγος
1740 1968 1909 2019 μετα-

302 2031 621 2107 πέμψαιτο,
663 2028 697 2090 ὁ
734 2029 794 2089 δὲ
833 2029 970 2089 εἶπε·
1012 2028 1103 2088 “ὦ
1140 2028 1321 2110 γύναι,
1360 2028 1504 2089 εἶδόν
1540 2054 1608 2088 τε
1645 2034 1700 2092 ἐς
1738 2028 1909 2090 πόλιν

305 2117 484 2178 ἐλθών
520 2119 611 2177 καὶ
644 2115 864 2193 ἥκουσα
896 2116 964 2178 τὰ
998 2115 1143 2193 μήτε
1181 2116 1314 2177 ἰδεῖν
1349 2115 1562 2193 ὄφελον
1595 2116 1741 2193 μήτε
1777 2121 1909 2181 κοτὲ

300 2207 565 2287 γενέσθαι
593 2211 648 2269 ἐς
672 2205 948 2268 δεσπότας
965 2205 1097 2267 τούς
1121 2204 1439 2283 ἡμετέρους.
1502 2204 1652 2268 οἶκος
1675 2207 1779 2282 μὲν
1794 2209 1908 2269 πᾶς
1968 2266 1981 2272 ,

300 2293 588 2376 Ἀρπάγου
620 2296 887 2372 κλαυθμῷ
918 2293 1221 2371 κατείχετο,
1251 2292 1360 2379 ἐγῶ
1391 2292 1453 2357 δὲ
1484 2293 1780 2374 ἐκπλαγεὶς
1807 2291 1907 2369 ἥῖα

303 2383 431 2442 ἔσαν
475 2383 545 2447 ὥς
583 2383 643 2442 δὲ
681 2382 927 2460 τάχιστα
968 2382 1233 2457 ἐσῆλθον,
1267 2380 1405 2459 ὁρέω
1436 2381 1658 2441 παιδίον
1687 2381 1906 2458 προκεί-

301 2498 484 2549 μενον,
506 2470 789 2548 α’σπαῖρόν
807 2495 870 2529 τε
896 2470 988 2528 καὶ
1008 2468 1467 2550 κραυγανόμενον,
1489 2471 1905 2546 κεκοσμημένον

299 2563 494 2638 χρυσῷ
517 2584 579 2619 τε
611 2560 703 2617 καὶ
737 2558 935 2633 ἐσθῆτι
965 2557 1216 2636 ποικίλῃ.
1274 2556 1568 2639 Ἀρπαγος
1600 2557 1660 2617 δὲ
1690 2556 1764 2621 ὦς
1794 2557 1908 2618 εἶδέ

300 2673 389 2724 με,
433 2647 650 2707 ἐκέλευε
694 2644 800 2719 τὴν
843 2645 1120 2722 ταχίστην
1162 2643 1529 2721 ἀναλαβόντα
1571 2644 1639 2706 τὸ
1682 2646 1936 2707 παιδίον·

301 2733 560 2812 οἴχεσθαι
586 2733 846 2810 φέροντα,
873 2734 966 2791 καὶ
992 2733 1168 2792 θεῖναι
1195 2732 1326 2793 ἔνθα
1351 2733 1792 2810 θηριωδέστατον
1817 2734 1905 2810 εἴη

300 2826 410 2882 τῶν
446 2819 661 2898 οὐρέων,
697 2820 810 2896 φοὶς
846 2818 1166 2900 Ἀστυάγεα
1203 2819 1343 2880 εἶναι
1376 2821 1476 2880 τόν
1508 2825 1688 2880 ταῦτα
1722 2822 1907 2881 ἐπιθέ-

299 2908 468 2986 μενόν
490 2935 604 2986 μοι,
630 2908 824 2968 πολλοὶ
857 2906 1174 2984 ἀπειλήσας
1207 2911 1255 2967 εἰ
1284 2908 1367 2985 μή
1393 2915 1551 2984 σφεα
1578 2908 1903 2986 ποιήσαιμι·

302 2997 394 3055 καὶ
420 2995 527 3077 ἐγώ
556 2995 861 3072 ἀναλαβών
882 2996 1098 3073 ἔφερον,
1120 2995 1321 3055 δοκέων
1344 3001 1455 3056 τῶν
1478 3022 1627 3060 τινος
1652 2997 1908 3058 οἰκετέων

303 3083 456 3142 εἶναι·
499 3083 564 3143 οὗ
593 3083 707 3164 γοῖρ
741 3081 810 3143 ἅν
837 3109 964 3143 κοτε
998 3083 1266 3152 κατέδοξα
1298 3084 1450 3144 ἔνθεν
1478 3110 1547 3165 γε
1576 3083 1665 3160 ἦν.
1733 3084 1907 3161 ἐθάμ-

301 3172 443 3244 βεον
478 3170 538 3228 δὲ
572 3170 741 3246 ὁρέων
774 3175 969 3249 χρυσῷ
1000 3195 1085 3241 τε,
1105 3172 1197 3228 καὶ
1237 3170 1431 3245 εἵμασι
1466 3172 1908 3250 κεκοσμημένον,

303 3255 445 3333 πρός
478 3256 553 3325 δὲ,
583 3258 674 3315 καὶ
705 3256 992 3334 κλαυθμόν
1024 3261 1373 3316 κατεστεῶτα
1405 3261 1658 3336 ἐμφανέα
1689 3264 1748 3321 ἐν
1771 3258 1910 3338 Ἀρ·
