2184 3517
911 80 1237 133 LECTORI.
1848 77 1918 129 vii

205 220 428 279 deinde
463 216 625 273 Oasis
658 212 977 278 Ammonis;
1008 210 1160 267 unde
1188 224 1363 281 usque
1399 207 1473 266 ad
1500 207 1621 264 loca
1651 206 1922 264 Tritonidi

201 314 339 367 lacu
369 310 553 366 vicina
575 309 690 363 sine
713 323 909 376 magno
936 306 1129 360 labore
1162 303 1436 375 perveniri
1473 301 1689 373 potuit3
1724 302 1921 357 saltem

200 402 477 460 immania
499 401 610 455 ista
632 399 880 453 Arabum
904 399 1156 454 examina
1178 413 1320 467 quae
1341 395 1473 450 indo
1495 413 1530 450 a
1546 396 1782 466 septimo
1796 399 1923 467 post

206 496 503 553 Christum
525 492 707 549 seculo
723 492 969 548 Ati-icam
986 490 1471 561 septentrionalem
1489 493 1802 558 tenuerunt,
1819 491 1923 547 hac

207 592 383 661 parte
412 588 675 658 irrupisse
705 587 936 642 constat.
1006 585 1091 642 At
1122 584 1269 640 enim
1297 587 1492 654 postea
1522 601 1688 655 quam
1722 601 1813 640 res
1841 585 1923 640 in-

207 680 438 738 ferioris
452 678 695 749 Aegypti
711 684 957 734 crescere
974 680 1289 747 coeperunt,
1303 667 1690 733 obsoleverunt
1703 682 1925 734 terrena

210 770 577 837 commercia3
607 772 765 825 tanto
787 773 910 826 erat
932 770 1268 826 commodius
1288 771 1495 842 cymbis
1517 791 1684 846 quam
1706 773 1925 829 camelis

212 866 322 922 uti.
399 864 724 919 Memoriam
745 866 932 919 tamen
954 864 1271 920 nonnullam
1292 868 1471 922 status
1492 866 1693 937 prioris
1714 867 1926 936 magnis

212 958 752 1028 rerumpublicarum
808 959 1209 1016 mutationibus
1275 961 1627 1031 superfuisse,
1684 963 1928 1017 testatur

218 1052 448 1122 mythus
487 1051 595 1105 iste
639 1049 870 1120 insignis
914 1050 990 1106 de
1038 1053 1491 1122 Argonautarum
1537 1069 1663 1109 cum
1703 1052 1929 1108 Tritone

217 1144 328 1199 deo
353 1144 624 1197 conventu
649 1158 814 1211 quem
840 1142 1115 1197 Pindarus
1140 1147 1545 1199 commemorat.

330 1235 487 1300 Quae
518 1248 622 1303 per
655 1232 853 1288 Asiam
881 1233 1209 1290 commercia
1232 1234 1455 1305 fiebant,
1477 1235 1566 1291 vel
1599 1234 1675 1291 ad
1707 1234 1929 1304 Sardes,

217 1328 312 1386 vel
334 1327 410 1382 ad
428 1327 667 1396 Sinopen
692 1324 1018 1382 confluxisse
1039 1327 1315 1384 videnttm
1373 1328 1467 1385 Ab
1490 1329 1592 1384 hac
1615 1329 1688 1385 ad
1708 1329 1929 1385 Phasim

220 1438 404 1493 usque
441 1436 608 1476 verno
641 1422 894 1491 tempore
926 1420 1063 1476 velis
1097 1420 1490 1491 navigabatur;
1530 1422 1662 1478 inde
1702 1439 1812 1478 non
1849 1424 1932 1478 ita

221 1533 427 1587 magno
473 1515 675 1571 montis
710 1515 855 1585 jugo
897 1516 1162 1586 plaustris
1208 1520 1482 1587 superato,
1523 1517 1678 1573 novis
1722 1518 1932 1587 cymbis

221 1609 519 1681 impositae
550 1624 761 1666 merces
791 1608 1015 1666 flumine
1046 1610 1189 1679 Cyro
1216 1610 1274 1665 in
1304 1626 1458 1665 mare
1491 1610 1749 1680 Caspium
1781 1610 1932 1666 defe-

223 1703 512 1759 rebantur.
572 1702 696 1758 Hac
718 1703 933 1758 ratione
953 1703 1042 1759 vel
1065 1703 1125 1759 in
1153 1703 1449 1774 Bactriam‚
1470 1705 1559 1760 vel
1588 1705 1646 1760 in
1667 1705 1931 1775 Mediam,

224 1798 396 1867 prout
442 1795 584 1851 ratio
630 1796 964 1867 postulabat,
1009 1798 1292 1854 commode
1338 1801 1566 1855 ventum
1612 1803 1715 1856 est.
1784 1801 1934 1857 Cave

225 1890 415 1943 autem
449 1889 614 1955 putes
643 1886 883 1942 Graecos
915 1883 1166 1944 homines
1196 1890 1523 1945 alterutram
1556 1891 1751 1946 harum
1788 1892 1933 1961 regi-

226 1996 396 2035 onum
428 1979 575 2049 ipsos
603 1978 759 2035 adire
785 1980 1044 2050 potuisse.
1116 1981 1397 2037 Credibile
1423 1986 1512 2039 est
1544 1983 1607 2039 id
1634 1985 1935 2041 solenniter

227 2072 438 2127 factum
473 2087 595 2127 esse
632 2072 781 2143 quod
814 2072 981 2128 hodie
1022 2073 1173 2144 apud
1204 2073 1469 2130 barbaras
1501 2080 1698 2145 gentes
1728 2078 1934 2147 passim

229 2165 483 2220 obtinere
505 2163 773 2233 videmus,
790 2180 989 2236 nempe
1009 2166 1232 2236 regulos
1253 2182 1426 2237 penes
1442 2183 1582 2238 quos
1604 2169 1680 2224 sit
1701 2169 1937 2225 facultas

229 2256 710 2330 peregrinantibus
767 2258 1088 2329 obsistendi,
1135 2260 1285 2330 ipws
1341 2264 1710 2317 mercatorum
1760 2263 1935 2319 vicem

232 2350 386 2406 obire
432 2349 613 2419 malle,
655 2351 866 2407 scilicet
902 2354 969 2407 ut
1015 2351 1325 2421 monopolio
1371 2352 1689 2420 constituto,
1729 2354 1937 2409 certius

233 2445 295 2498 et
326 2442 490 2497 citius
516 2442 618 2509 (uti
645 2443 1008 2512 arbitrantur)
1035 2444 1328 2500 ditescant.
1389 2446 1578 2516 Aegre
1607 2446 1937 2503 crediderim
1960 2516 1975 2528 ·

233 2535 449 2604 longius
473 2551 640 2605 quam
664 2534 901 2606 Phasim,
922 2537 1012 2592 vel
1040 2538 1117 2593 ad
1144 2555 1417 2595 summum
1441 2555 1607 2609 quam
1636 2540 1939 2609 Sarapano-

236 2645 360 2683 rum
376 2627 679 2683 Castellum
699 2629 882 2697 (hodie
900 2629 1285 2701 Soharopani)
1305 2631 1409 2687 hac
1424 2633 1650 2702 refflone
1668 2633 1939 2689 Nostrum

240 2721 587 2793 processisse.

342 2814 397 2868 A
431 2812 699 2869 Sardibus
734 2813 809 2869 ad
846 2814 1014 2870 Susas
1048 2831 1227 2886 usque
1263 2816 1477 2873 munita
1515 2822 1639 2875 erat
1676 2818 1767 2876 via
1798 2836 1942 2889 quae

237 2904 569 2961 militaribus
612 2905 804 2962 usibus
848 2906 1113 2964 inservire
1159 2912 1363 2979 posset,
1398 2911 1638 2966 castellis
1670 2911 1778 2967 huc
1810 2911 1942 2969 illuc

240 2998 445 3067 pontis.
515 2998 602 3054 Ex
647 2999 735 3054 his
780 2999 998 3070 insigne
1035 3002 1347 3072 exemplum
1387 3004 1658 3074 praebent
1697 3005 1940 3075 Critalla‚

241 3107 347 3161 quo
379 3092 699 3149 convenisse
745 3093 940 3162 scribit
974 3093 1183 3148 Noster
1216 3094 1419 3150 Xerxis
1453 3098 1652 3168 copias,
1683 3114 1808 3153 cum
1842 3115 1944 3153 rex

242 3182 348 3239 iste
375 3181 644 3241 Graeciae
672 3183 883 3242 bellum
911 3184 1257 3244 intendebat.
1328 3185 1451 3242 Sita
1479 3188 1653 3246 fuisse
1683 3189 1945 3246 videntur
