2184 3517
325 109 421 159 118
937 109 1304 160 ·11P0Ao·1·o‘r
1821 107 1931 172 [Π.

323 188 571 266 ῥεύματα
594 191 954 270 παρέχονται·
995 190 1107 250 εἶσὶ
1132 190 1194 250 δὲ
1209 189 1421 249 πολλοὶ
1444 191 1548 266 μὲν
1574 194 1634 249 ἐν
1657 192 1730 268 τῇ
1751 189 1934 267 Συρίῃ

322 277 583 354 ποταμοὶ,
620 278 833 337 πολλοὶ
871 278 933 337 δὲ
973 282 1031 339 ἐν
1069 282 1143 355 τῇ
1168 274 1379 355 Λιβύῃ,
1414 276 1468 335 οἳ
1507 275 1664 336 οὐδὲν
1702 280 1934 336 τοιοῦτο

230 366 301 423 21
323 364 618 444 πάσχουσι
644 365 762 426 οἶόν
787 391 843 425 τι
875 365 968 424 καὶ
993 364 1025 424 ὁ
1058 367 1290 428 Νεῖλος.
1373 362 1447 422 Ἡ
1477 361 1524 422 δ’
1558 364 1717 440 ἑτέρη
1740 361 1935 423 άνεπι-

324 454 747 530 στημονεστέρη
797 453 902 529 μέν
942 458 1066 513 ἐστι
1118 456 1220 533 τῆς
1265 451 1624 532 λελεγμένης,
1671 449 1828 532 λόγῳ
1869 452 1937 511 δὲ

298 544 498 612 ,εἰπεῖν
542 541 992 617 θωυμασιωτέρη·
1058 538 1099 616 ἢ
1145 540 1302 619 λέγει
1348 537 1462 599 dard
1515 543 1616 600 τοῦ
1658 538 1937 599 Ὠκεανοῦ

323 628 523 703 ῥέοντα
565 627 734 689 αὐτὰν
780 631 956 688 ταῦτα
997 627 1381 708 μηχανᾶσθαι,
1425 625 1526 687 τόν
1574 625 1621 685 δ’
1661 625 1936 688 Ὠκεανὸν

230 717 309 774 22
326 719 435 796 γῆν
485 717 615 794 πέρι
665 719 860 775 πᾶσαν
909 716 1065 791 ῥέειν.
1150 714 1227 774 Ἠ
1281 714 1342 774 δὲ
1392 715 1555 791 τρίτη
1605 718 1718 775 τῶν
1769 713 1932 788 ὁδῶν,

323 803 545 864 πολλὰν
612 802 999 879 ἐπιεικεστάτη
1066 807 1259 872 ἐοῦσα,
1311 801 1572 880 μάλιστα
1639 803 1932 880 ἔψευσται·

322 891 479 971 λέγει
517 890 629 972 γοῖρ
670 891 739 968 δὴ
781 890 894 951 οὐδ’
929 890 1069 967 αύτή
1116 890 1274 951 οὐδὲν
1315 890 1543 967 φαμένη
1572 890 1673 950 τόν
1713 893 1934 950 Νεῖλον

323 979 469 1054 ῥέειν
499 979 612 1038 dm}
647 979 953 1057 τηκομένης
982 978 1189 1058 χιόνος·
1231 977 1295 1042 ὃς
1323 979 1437 1055 ῥέει
1468 979 1573 1055 μὲν
1609 981 1671 1035 ἐκ
1705 976 1934 1054 Λιβύης

322 1066 415 1125 διοὶ
454 1067 643 1144 μέσων
682 1066 966 1128 Αἰθιόπων
1006 1067 1213 1126 ἐκδιδοῖ
1249 1065 1310 1125 δὲ
1352 1071 1407 1129 ἐς
1432 1067 1738 1146 Αἴγυπτον.
1823 1069 1934 1129 κῶς

323 1153 399 1214 ὧν
435 1155 575 1231 δῆτα
604 1156 723 1232 ῥέοι
762 1153 831 1215 ἂν
869 1154 982 1215 οἷπό
1021 1153 1226 1234 χιόνος,
1266 1153 1380 1214 οἷπό
1420 1157 1532 1214 τῶν
1572 1152 1934 1230 θερμοτάτων

332 1240 562 1325 [τόπων]
597 1244 736 1320 ῥέων
763 1249 818 1306 ἐς
847 1242 919 1304 τοὶ
947 1241 1301 1322 ψυχρότερα;
1342 1244 1454 1302 τῶν
1483 1240 1555 1302 τοὶ
1578 1239 1776 1300 πολλά
1804 1245 1934 1303 ἐστι

323 1330 486 1408 οἷνδρί
513 1357 581 1412 γε
615 1332 946 1411 λογίζεσθαι
975 1330 1240 1391 τοιούτων
1268 1330 1400 1407 πέρι
1436 1330 1533 1410 οἴῳ
1565 1354 1629 1389 τε
1666 1329 1829 1401 ἐόντι,
1856 1329 1935 1394 ὦς

324 1417 451 1478 οὐδὲ
491 1418 633 1482 εἰκός
673 1418 786 1477 dm?
826 1418 1016 1498 χιόνος
1053 1445 1154 1496 μιν
1192 1418 1355 1495 ῥέειν·
1428 1420 1651 1495 πρῶτον
1688 1419 1793 1495 μὲν
1834 1419 1932 1479 καὶ

322 1506 596 1586 μέγιστον
626 1505 929 1584 μαρτύριον
965 1508 1020 1566 οἶ
1060 1505 1256 1583 ἄνεμοι
1290 1506 1632 1584 παρέχονται
1660 1506 1932 1571 -πνέοντες

323 1592 438 1653 dm?
470 1596 582 1653 τῶν
616 1594 837 1672 χωρέων
871 1594 1112 1655 τουτέων
1150 1595 1366 1672 θερμοί·
1425 1593 1685 1670 δεύτερον
1725 1593 1801 1663 δὲ,
1840 1593 1933 1655 ὅτι

325 1679 610 1759 ἄνομβρος
634 1680 672 1757 ἦ
697 1680 852 1760 χώρη
880 1682 973 1740 καὶ
1006 1681 1400 1759 ἀκρύσταλλος
1438 1681 1702 1742 διατελέει
1732 1686 1931 1742 ἐοῦσα·

326 1770 417 1829 ἐπὶ
462 1769 523 1830 δὲ
563 1769 710 1849 χιόνι
750 1795 1011 1849 πεσουσῃ
1052 1774 1218 1829 πᾶσα
1263 1768 1479 1850 ἀνάγκη
1522 1770 1647 1830 ἐστὶ
1691 1770 1824 1829 ὗσαι
1869 1775 1934 1831 ἐν

324 1858 490 1918 πέντε
527 1856 793 1937 ἡμέρῃσι·
834 1857 980 1919 ὥστε
1013 1862 1062 1917 εἶ
1100 1857 1349 1937 ἐχιόνιζε,
1382 1858 1511 1919 ὕετο
1542 1856 1612 1918 ἂν
1642 1861 1819 1918 ταῦτα
1854 1860 1934 1919 τοὶ

324 1947 520 2025 χωρία·
586 1946 749 2023 τρίτα
790 1946 868 2017 δὲ,
913 1949 967 2006 οἱ
1013 1945 1307 2025 ἅνθρωποι.
1345 1945 1456 2007 fior&
1502 1949 1604 2007 τοῦ
1648 1945 1934 2023 καύματος

324 2034 561 2110 μέλανες
600 2034 793 2099 ἐόντες.
881 2038 1075 2095 ἰκτῖνοι
1117 2034 1178 2094 δὲ
1213 2033 1306 2093 καὶ
1345 2032 1631 2113 χελιδόνες
1672 2033 1741 2093 δι’
1782 2035 1933 2101 ἔτεος

329 2120 509 2186 ἐόντες
549 2121 649 2183 οὐκ
688 2122 1090 2193 ἀπολείπουσι,
1109 2123 1335 2203 γέρανοι
1375 2122 1434 2181 δὲ
1477 2121 1792 2203 φεύγουσαι
1829 2123 1935 2184 τὸν

325 2215 572 2289 χειμῶνα
595 2211 694 2273 τᾶν
722 2216 780 2273 ἐν
804 2215 876 2291 τῇ
894 2212 1153 2290 ΣκυθικῇᾹ
1166 2209 1322 2290 χώρῃ
1347 2209 1639 2292 γινόμενον
1660 2211 1935 2287 φοιτέωσι

327 2304 383 2364 ἐς
404 2290 710 2380 χειμασίην
738 2305 793 2364 ἐς
815 2299 945 2364 τοῦς
968 2299 1175 2362 τόπους
1204 2299 1451 2362 τούτους·
1494 2302 1543 2358 εἰ
1572 2299 1758 2360 τοίνυν
1784 2300 1932 2378 ἐχιό-

326 2390 439 2460 νιζε
465 2389 557 2449 καὶ
583 2388 801 2449 ὁσονῶν
824 2387 1031 2463 ταύτην
1055 2386 1161 2464 τὴν
1184 2385 1388 2466 χώρην,
1418 2385 1485 2446 δι’
1512 2383 1580 2463 ἦς
1606 2413 1672 2447 τε
1696 2388 1809 2464 ῥέει
1835 2390 1931 2451 καὶ

328 2481 389 2536 ἐκ
417 2480 520 2554 τῆς
559 2476 794 2556 ἄρχεται
833 2476 972 2551 ῥέων
996 2474 1031 2536 ὁ
1064 2478 1290 2545 Νεῖλος,
1316 2473 1390 2550 ἦν
1414 2471 1484 2535 ἂν
1517 2474 1727 2536 τούτων
1753 2475 1931 2547 οὐδὲν,

233 2567 309 2624 23
330 2564 399 2628 ὥς
450 2564 490 2640 ἦ
534 2564 751 2644 ἀνάγκη
796 2564 1036 2644 ἐλέγχει.
1117 2563 1186 2623 Ὁ
1232 2564 1292 2623 δὲ
1337 2563 1467 2640 περὶ
1515 2567 1616 2621 τοῦ
1661 2563 1934 2626 Ὠκεανοῦ

325 2650 508 2722 λέξας,
537 2657 593 2716 ἐς
618 2650 828 2727 ἀφανὲς
853 2652 955 2713 τὸν
978 2653 1160 2728 μῦθον
1192 2651 1470 2715 ἀνενείκας
1502 2647 1603 2709 οὐκ
1633 2651 1747 2730 ἔχει
1773 2654 1933 2735 ἔλεγ-

324 2765 449 2819 χον·
517 2738 586 2800 ού
627 2738 740 2820 γάρ
786 2765 911 2800 τινα
957 2740 1130 2820 ἔγωγε
1182 2739 1308 2799 οἴδα
1360 2740 1616 2818 ποταμόν
1665 2739 1936 2802 Ὠκεανὸν

327 2826 508 2889 ἐόντα·
538 2825 799 2906 Ὅμηρον
835 2827 911 2900 δὲ,
943 2826 984 2903 ἥ
1013 2853 1142 2888 τινα
1173 2832 1283 2888 τῶν
1314 2826 1588 2907 πρότερον
1621 2829 1936 2910 γενομένων

324 2917 612 2993 ποιητέων,
662 2916 832 2976 δοκέω
875 2914 1122 2992 τοῦνομα
1169 2915 1400 2993 εὑρόντα
1446 2921 1504 2980 ἐς
1548 2916 1654 2993 τήν
1698 2918 1937 2994 ποίησιν

328 3005 732 3066 ἐσενείκασθαι.

232 3095 309 3150 24
405 3097 477 3150 Εἰ
516 3092 576 3151 δὲ
620 3093 706 3151 δεῖ
743 3092 1111 3172 μεμψάμενον
1155 3093 1379 3175 γνώμας
1419 3093 1522 3157 τοὶς
1563 3094 1935 3172 προκειμένας

327 3177 495 3238 αὐτὸν
552 3181 681 3256 περὶ
745 3185 856 3240 τῶν
922 3180 1181 3257 οἷφανέων
1246 3180 1473 3261 γνώμην
1528 3179 1934 3252 ἀποδέξασθαι,

328 3264 535 3342 φράσω
571 3264 716 3327 διότι
752 3292 853 3343 μοι
891 3266 1071 3326 δοκέει
1103 3266 1462 3343 πληθύεσθαι
1503 3266 1538 3327 ὅ
1586 3271 1798 3332 Νεῖλος
1826 3275 1938 3328 τοῦ
