2184 3517
370 92 468 141 150
978 89 1343 141 ἭΡοΔοτοϊ
1859 79 1971 155 [Ῑῖ.

365 170 549 230 λωτοῦ
572 168 774 230 τούτου
804 168 1057 249 ἐδωδίμη,
1086 169 1178 229 καὶ
1213 167 1524 250 ἐγγλύσσει
1552 170 1842 241 ἐπιεικέως,
1874 170 1972 231 ἐὰν

371 255 730 339 στρογγύλον
755 257 1001 337 μέγαθος
1028 255 1170 317 κατοῖ
1196 261 1403 334 μῆλον.
1463 258 1585 317 ἔστι
1611 257 1669 316 δὲ
1698 258 1789 316 καὶ
1809 256 1971 317 ἄλλα

366 344 552 423 κρίνεα
580 345 799 423 ῥόδοισι
839 347 1102 423 ἐμφερέα,
1132 351 1190 406 ἐν
1214 350 1290 425 τῷ
1314 350 1548 424 ποταμῷ
1572 346 1839 427 γινόμενα
1874 349 1971 407 καὶ

363 438 556 503 ταῦτα,
580 434 642 503 ἐξ
666 431 740 494 ὧν
766 433 801 493 o‘
829 434 1038 511 καρπός
1066 438 1125 494 ἐν
1151 432 1304 513 ἅλλῃ
1332 433 1533 493 κάλυκι
1557 436 1969 515 παραφυομένῃ

367 526 427 580 ἐκ
451 525 552 596 τῆς
577 522 728 597 ῥίζης
748 521 975 602 γίνεται,
999 522 1169 602 κηρίῳ
1187 525 1424 597 σφηκῶν
1446 522 1593 597 ἰδέην
1611 521 1966 598 ὁμοιότατον·

365 614 424 669 ἐν
467 634 645 688 τουτῳ
682 608 901 686 τρωκτά
943 608 1082 669 ὅσον
1126 634 1190 669 τε
1230 609 1412 686 πυρὴν
1454 611 1644 685 ἐλαίης
1687 611 1967 691 ἐγγίνεται

363 694 565 775 συχνά·
606 695 878 777 τρώγεται
904 696 963 755 δὲ
996 697 1087 755 καὶ
1116 696 1312 756 ἁπαλοὶ
1336 701 1515 766 ταῦτα
1546 698 1638 757 καὶ
1664 697 1789 757 αὖα.
1858 699 1968 775 τήν

363 783 424 843 δὲ
461 784 696 860 βύβλον
731 783 835 859 τήν
876 784 1121 845 ἐπέτειον
1154 786 1467 866 γινομένην,
1503 783 1670 845 ἐπεάν
1707 785 1965 848 οἷνασπά-

363 896 513 931 σωσι
538 876 598 930 ἐκ
624 874 734 931 τῶν
763 872 945 942 ἐλέων,
973 872 1045 932 τοὶ
1069 875 1174 949 μὲν
1202 871 1311 932 ἅνω
1342 871 1514 949 αὐτῆς
1547 872 1964 949 ἀποτάμνοντες

365 964 421 1023 ἐς
449 958 599 1020 ἄλλο
625 984 681 1018 τι
711 958 1006 1036 τράπουσι,
1033 959 1101 1020 τό
1138 961 1198 1020 δὲ
1235 959 1381 1020 κάτω
1417 962 1785 1037 λελειμμένον
1819 962 1964 1024 ὅσον

360 1073 425 1107 τε
456 1048 547 1106 ἐπὶ
576 1051 763 1125 πῆχυν
792 1047 1087 1129 τρώγουσι,
1118 1048 1209 1108 καὶ
1245 1048 1549 1108 πωλέουσι·
1593 1048 1646 1108 οἳ
1679 1049 1738 1108 δὲ
1764 1047 1834 1110 ἂν
1867 1054 1961 1111 καὶ

362 1134 538 1212 κάρτα
583 1135 903 1212 βούλωνται
948 1141 1173 1216 χρηστῇ
1219 1140 1291 1215 τῇ
1336 1135 1547 1216 βύβλῳ
1586 1139 1857 1216 χρᾶσθαι,
1901 1143 1962 1200 ἐν

361 1223 613 1302 κλιβάνῳ
650 1224 910 1300 ὃιαφανέϊ
943 1225 1232 1294 πνίξαντες
1267 1224 1407 1284 οὕτω
1438 1224 1736 1307 τρώγουσι.
1804 1230 1859 1287 οἶ
1900 1227 1964 1287 δέ
2031 1246 2038 1252 ’

359 1336 505 1376 τινες
551 1309 729 1371 αὐτῶν
776 1313 916 1382 ζῶσι
970 1312 1082 1373 οἷπό
1129 1317 1239 1373 τῶν
1287 1312 1490 1392 ἰχθύων
1534 1313 1770 1390 μούνων·
1828 1314 1960 1380 τούς

363 1398 530 1459 ἐπεοὶν
569 1398 801 1478 λάβωσι
841 1400 933 1458 καὶ
973 1400 1209 1470 ἐξέλωσι
1246 1400 1351 1476 τὴν
1392 1401 1629 1478 κοιλίην,
1666 1401 1960 1465 αὐαίνουσι

360 1485 502 1563 πρὸς
525 1485 690 1563 ἥλιον
717 1488 809 1545 καὶ
836 1488 1025 1547 ἔπειτα
1052 1487 1218 1553 αὔους
1246 1488 1438 1552 ἐόντας
1463 1489 1761 1550 σιτέονται.

268 1574 344 1634 93
444 1576 518 1633 Οἱ
557 1574 617 1633 δὲ
652 1574 836 1653 ἰχθύες
869 1578 922 1634 οἱ
953 1574 1212 1657 άγελαῖοι
1245 1582 1303 1636 ἐν
1332 1578 1437 1653 μὲν
1464 1581 1618 1637 τοῖσι
1646 1582 1960 1656 ποταμοῖσι

362 1660 430 1721 οὔ
463 1661 623 1738 μάλα
656 1662 921 1743 γίνονται·
960 1662 1297 1741 τρεφόμενοι
1337 1664 1398 1724 δὲ
1438 1670 1496 1725 ἐν
1525 1669 1661 1744 τῇσι
1699 1666 1956 1746 λίμνῃσι,

360 1749 545 1810 τοιάδε
560 1754 803 1809 ποιεῦσι·
833 1750 999 1811 ἐπεάν
1014 1757 1200 1828 σφεας
1218 1753 1342 1832 ἐσίῃ
1364 1752 1590 1830 οἶστρος
1606 1753 1955 1825 κυΐσκεσθαι,

360 1834 639 1918 οἷγελτρὂν
664 1837 983 1908 ἐκπλώουσι
1016 1843 1071 1902 ἐς
1100 1839 1204 1916 τὴν
1239 1840 1561 1901 θάλασσαν·
1601 1841 1865 1922 ἡγέονται
1898 1843 1958 1903 δὲ

360 1928 416 1985 οἱ
448 1926 665 2002 ἔρσενες
695 1924 1123 2004 ἀπορραίνοντες
1147 1932 1249 1988 τοῦ
1282 1930 1471 2005 θοροῦ·
1513 1932 1571 1988 αἶ
1597 1928 1656 1988 δὲ
1693 1928 1959 2007 ἑπόμεναι

360 2011 761 2086 α’νακάπτουσι,
809 2015 904 2074 καὶ
949 2015 1012 2085 ἐξ
1056 2014 1229 2076 αὐτοῦ
1277 2017 1615 2078 κυΐσκονται·
1675 2016 1843 2087 ἐπεοῖν
1896 2019 1959 2078 δὲ

358 2100 600 2179 πλήρεες
622 2101 887 2183 γένωνται
908 2107 967 2163 ἐν
985 2106 1056 2182 τῇ
1073 2102 1362 2182 θαλάσσῃ,
1385 2102 1747 2165 ἀναπλώουσι
1774 2104 1960 2167 ὀπίσω

361 2195 416 2254 ἐς
461 2189 600 2267 ἤθεα
645 2190 718 2270 gro?
765 2194 975 2252 έωυτῶν
1018 2192 1266 2251 ἕκαστοι.
1347 2191 1609 2273 ἡγέονται
1653 2193 1846 2270 μέντοι
1888 2221 1962 2276 γε

359 2277 543 2340 ούκέτι
563 2282 616 2339 οἱ
642 2278 816 2350 αὐτοὶ,
835 2278 991 2339 ἀλλὰ
1008 2282 1118 2339 τῶν
1140 2279 1354 2355 θηλέων
1372 2279 1585 2359 γίνεται
1606 2279 1646 2356 ἡ
1666 2279 1959 2361 ἡγεμονίη·

358 2366 658 2449 ἡγεύμεναι
695 2367 754 2426 δὲ
790 2366 1084 2448 οἶγεληὸὁν,
1112 2370 1338 2426 ποιεῦσι
1375 2366 1495 2427 οἶόν
1519 2393 1626 2445 περ
1653 2369 1871 2429 ἐποίευν
1903 2372 1960 2430 οἶ

358 2456 593 2533 ἔρσενες·
645 2458 757 2515 τῶν
795 2454 906 2535 γοὶρ
949 2453 1068 2515 ὠῶν
1109 2453 1514 2532 ἀπορραίνουσι
1567 2454 1685 2516 κατ’
1726 2455 1959 2537 ὀλίγους

355 2546 468 2602 τῶν
515 2543 778 2623 κέγχρων,
814 2545 868 2601 οἱ
909 2542 968 2600 δὲ
1009 2543 1228 2619 ἔρσενες
1268 2544 1635 2603 καταπίνουσι
1675 2544 1958 2621 ἑπόμενοι·

357 2630 470 2689 εἰσὶ
496 2630 555 2688 δὲ
583 2633 636 2688 οῖ
664 2631 890 2709 κέγχροι
923 2627 1076 2689 οὗτοι
1112 2629 1315 2710 ἰχθύες·
1358 2635 1419 2690 ἐκ
1456 2631 1515 2690 δὲ
1544 2635 1654 2691 τῶν
1680 2657 1961 2714 περιγινο-

353 2717 531 2792 μένων
558 2715 647 2774 καὶ
676 2716 757 2792 μὴ
786 2718 1234 2793 καταπινομένων
1261 2718 1508 2799 κέγχρων
1536 2722 1589 2779 οἱ
1619 2719 1961 2797 τρεφόμενοι

359 2801 542 2882 ἰχθύες
576 2804 843 2884 γίνονται.
911 2803 966 2863 οἳ
998 2802 1106 2862 δ’*
1071 2831 1140 2864 αν
1172 2805 1352 2866 αὐτῶν
1390 2805 1577 2867 οἷλῶσι
1613 2808 1961 2901 ἐκπλώοντες

355 2897 411 2956 ἐς
442 2890 764 2961 θάλασσαν,
798 2891 1094 2969 φαίνονται
1126 2895 1480 2973 τετριμμένοι
1509 2895 1582 2955 τοὶ
1615 2895 1959 2974 ἐπαριστεροί

353 2984 464 3040 τῶν
515 2979 822 3056 κεφαλέων·
887 3006 942 3039 οι
991 2978 1039 3039 δ’
1084 3007 1153 3041 αν
1198 2981 1384 3043 ὀπίσω
1431 2982 1834 3055 ἀναπλώοντες,
1884 3011 1961 3046 τα

354 3066 597 3138 ἐπιδεξιιὶ
635 3068 985 3146 τετρίφαται·
1026 3067 1322 3148 πάσχουσι
1358 3070 1419 3129 δὲ
1456 3074 1634 3130 ταῦτα
1674 3071 1765 3130 διὰ
1805 3072 1958 3132 τόδε·

353 3155 610 3236 ἐχόμενοι
623 3160 725 3233 τῆς
737 3160 844 3238 γῆς
860 3154 943 3216 ἐπ’
960 3154 1231 3235 οἷριστεροὶ
1246 3157 1647 3218 καταπλώουσι
1664 3164 1718 3222 ἐς
1735 3158 1960 3220 θάλασ-

352 3266 482 3303 σαν·
522 3244 616 3303 καὶ
641 3242 1044 3308 ἀναπλώοντες
1059 3243 1260 3315 ὀπίσω,
1287 3249 1388 3322 τῆς
1420 3244 1593 3322 αὐτῆς
1626 3246 1960 3327 α’ντέχονται
