2184 3517
226 106 513 171 126-129]
817 107 1271 159 ΜΕΛΠΟΜΕΝΗ.
1615 100 1628 111 ·
1742 114 1833 162 331

225 190 408 249 σεσθε
447 186 593 257 τότε,
629 188 739 247 εἴτε
772 186 905 266 ὖμῖν
944 188 1327 268 μαχησόμεθα
1358 189 1487 266 περὶ
1512 194 1622 251 τῶν
1645 190 1843 268 τάφων

226 276 338 336 εἴτε
372 276 466 334 καὶ
503 275 569 335 οὗ
605 274 1005 354 μαχησόμεθα·
1046 276 1322 354 πρότερον
1357 276 1433 347 δὲ,
1461 275 1531 353 ἢν
1556 278 1637 354 μὴ
1663 278 1841 356 ἡμέας

224 363 400 444 λόγος
443 367 592 442 αἱρῇ,
638 362 702 423 οὔ
749 364 1103 442 συμμίξομέν
1149 391 1257 425 τοι.
1326 364 1478 443 ἀμφὶ
1530 368 1635 442 μὲν
1679 367 1839 447 μάχῃ

222 456 482 519 τοσαῦτα
523 451 785 529 εἰρήσθω·
841 452 1121 517 δεσπότας
1160 454 1221 513 δὲ
1261 453 1427 531 ἐμοῦς
1467 454 1575 535 ε’γώ
1617 456 1730 514 Δία
1772 482 1835 515 τε

224 542 432 619 νομίζω
465 541 567 601 τὸν
603 539 738 617 ἐμὸν
763 541 1058 622 πρόγονον,
1088 543 1182 613 καὶ
1210 542 1426 618 Ἱστίην
1451 542 1556 619 τήν
1584 543 1839 607 Σκυθέων

221 629 553 705 βασιλειαν,
596 627 835 707 μούνους
880 630 1038 689 εἶναι.
1108 630 1205 690 σοὶ
1246 631 1306 690 δὲ
1347 629 1470 691 ἆντὶ
1509 632 1613 707 μὲν
1654 631 1840 710 δώρων

222 722 332 798 γῆς
376 743 440 777 τε
483 717 576 777 καὶ
618 716 817 782 ὕδατος
865 718 1013 795 δῶρα
1052 718 1258 796 πέμψω
1310 723 1541 779 τοιαῦτα
1595 719 1686 779 οἷοί
1740 746 1839 782 σοι

146 804 157 809 ’
223 805 431 883 πρέπει
477 807 682 866 ἐλθεῖν·
736 803 859 866 ἀντὶ
899 806 960 864 δὲ
1003 811 1105 866 τοῦ
1146 805 1232 865 ὅτι
1287 806 1592 917 δεσπότης
1619 809 1839 917 ἔφησας

226 894 370 954 εἶναι
399 894 549 970 ἐμᾶς,
583 894 797 954 κλαίειν
832 892 1032 974 λέγω.”
1111 892 1302 975 [τοῦτό
1340 898 1465 953 ἐστι
1490 894 1528 969 ἡ
1557 894 1670 955 οἷπὸ
1698 897 1838 960 Σκυ-

225 982 368 1042 θέων
407 980 622 1064 ρἣις.]
701 1008 733 1042 ο
781 983 886 1058 μὲν
932 980 1001 1056 δὴ
1045 980 1221 1115 κῆρυξ
1272 980 1499 1059 οἰχώκεε
1552 981 1839 1064 ἀγγελέων

223 1074 406 1130 ταῦτα
434 1072 671 1149 Δαρείῳ.

312 1162 387 1218 Οἳ.
418 1158 479 1218 δὲ
506 1159 762 1223 Σκυθέων
790 1159 1067 1235 βασιλέες
1091 1156 1432 1221 οἷκουσαντες
1463 1161 1566 1233 τῆς
1598 1158 1793 1218 δουλο-
1814 1160 1931 1218 128

225 1254 405 1323 σύνης
441 1246 509 1307 τό
550 1247 777 1324 οὕνομα,
806 1247 981 1328 ὄργῆς
1021 1246 1419 1324 ἐπλήσθησαν.
1499 1245 1605 1322 τὴν
1633 1249 1737 1323 μὲν
1763 1247 1831 1323 δὴ

224 1335 372 1412 μετὰ
429 1336 834 1413 Σαυροματέων
866 1327 873 1333 ’
896 1340 1101 1413 μοῖραν
1162 1336 1474 1415 ταχθεῖσαν
1533 1337 1634 1410 τῆς
1695 1333 1838 1415 ἦρχε

228 1422 532 1487 Σκώπασις
580 1424 887 1501 πέμπουσι,
932 1422 1095 1483 Ἴωσι
1149 1423 1466 1487 κελεύοντες
1518 1428 1575 1486 ἐς
1626 1422 1833 1505 λόγους
1871 1426 1876 1431 ’

226 1509 551 1581 ἀπικέσθαι,
566 1510 819 1571 τούτοισι
847 1511 900 1571 οἳ
918 1510 1018 1571 τόν
1032 1510 1265 1588 Ἴστρον
1285 1511 1609 1592 ἐζευγμένον
1631 1510 1833 1588 ἐφρού-

225 1625 378 1676 ρεον·
427 1597 609 1660 αὐτῶν
635 1598 694 1658 δὲ
720 1602 876 1658 τοῖσι
906 1597 1407 1676 ὖπολειπομένοισι
1433 1599 1586 1668 ἔδοξε
1609 1603 1835 1660 πλανᾶν

224 1689 334 1765 μὲν
377 1688 580 1763 μηκέτι
626 1687 875 1765 Πέρσας,
920 1690 1056 1747 σῖτα
1100 1687 1160 1747 δὲ
1204 1686 1471 1747 ἑκάστοτε
1518 1686 1836 1764 ἀναιρεομέ-

225 1801 383 1836 νοισι
409 1775 777 1835 ἐπιτίθεσθαι·
819 1777 1104 1850 νωμῶντες
1138 1773 1215 1835 ὦν
1246 1778 1382 1834 σῖτα
1416 1773 1836 1851 ἀναιρεομένους

224 1862 361 1927 τούς
388 1863 630 1940 Δαρείου
671 1862 889 1922 ἐποίευν
919 1862 991 1922 τοῖ
1024 1863 1475 1940 βεβουλευμένα.
1556 1861 1596 1937 ἡ
1631 1863 1735 1938 μὲν
1766 1860 1836 1937 δὴ

228 1953 405 2015 ἵππος
438 1949 544 2026 τὴν
581 1951 755 2011 ἵππον
789 1950 897 2010 αἰεὶ
930 1950 1207 2027 τρέπεσκε
1248 1950 1286 2026 ἡ
1326 1955 1437 2011 τῶν
1464 1951 1738 2015 Σκυθέων·
1782 1952 1836 2009 οἳ

226 2041 291 2100 δὲ
331 2043 445 2100 τῶν
486 2040 754 2116 Περσέων
802 2038 1034 2099 ἱππόται
1081 2038 1384 2119 φεύγοντες
1429 2040 1733 2098 ἐσέπιπτον
1779 2043 1835 2101 ἐς

223 2127 332 2191 τᾶν
370 2126 558 2198 πεζόν·
600 2126 633 2187 ὅ
665 2126 725 2186 δὲ
754 2126 920 2198 πεζὸς
958 2124 1028 2187 ἂν
1069 2124 1381 2202 ἐπεκούρεε·
1424 2128 1478 2185 οἱ
1519 2125 1579 2184 δὲ
1620 2126 1831 2190 Σκύθαι

226 2214 606 2292 ἐσαράξαντες
637 2214 742 2290 τὴν
779 2216 951 2275 ἵππον
985 2214 1362 2291 ὑπέστρεφον,
1395 2212 1494 2273 τὸν
1524 2212 1693 2282 πεζὸν
1731 2219 1835 2288 φο-

224 2303 519 2381 βεόμενοι.
601 2304 886 2363 ἐποιεῦντο
929 2303 988 2362 δὲ
1026 2303 1119 2361 καὶ
1158 2300 1258 2364 τὰς
1297 2299 1494 2363 νύκτας
1533 2304 1833 2376 παραπλη-

227 2392 364 2454 σίας
389 2390 729 2468 προσβολοὶς
754 2392 808 2449 οἱ
841 2389 1068 2454 Σκύθαι.
1151 2389 1229 2449 Τὸ
1258 2389 1318 2448 δὲ
1347 2391 1501 2448 τοῖσι
1527 2388 1800 2464 Πέρσῃσί
1815 2389 1929 2448 129

225 2505 293 2539 τε
318 2477 392 2555 ἦν
427 2478 729 2558 σύμμαχον
756 2479 848 2537 καὶ
886 2482 1041 2541 τοῖσι
1082 2477 1336 2556 Σκύθῃσι
1376 2475 1630 2545 οἷντίξοον
1666 2479 1834 2535 ἐπιτι-

229 2569 523 2643 θεμένοισι
559 2571 637 2645 τῷ
669 2567 909 2644 Δαρείου
946 2565 1324 2643 στρατοπέδῳ,
1367 2565 1528 2640 θῶμα
1562 2563 1838 2645 μέγιστον

229 2656 388 2732 ἐρέω·
421 2659 531 2715 τῶν
555 2680 618 2714 τε
644 2654 782 2715 ὄνων
807 2652 844 2730 ἡ
872 2653 1029 2730 φωνὴ
1057 2653 1151 2711 καὶ
1175 2655 1286 2713 τῶν
1310 2651 1555 2729 ἡμιόνων
1582 2651 1647 2712 τὸ
1672 2652 1835 2715 εἶδος.

228 2767 363 2802 ουτε
385 2742 497 2823 γὰρ
524 2742 653 2803 ὄνον
679 2740 805 2802 οὔτε
833 2740 1068 2817 ἡμίονον
1092 2766 1168 2821 γη
1196 2738 1235 2815 ἡ
1273 2740 1520 2816 Σκυθική
1549 2741 1727 2817 φερει,
1764 2768 1835 2805 ως

231 2829 328 2889 καὶ
353 2828 626 2939 πρότερόν
649 2855 749 2907 μοι
775 2828 1099 2921 δεδήλωται·
1142 2826 1321 2886 οὐδὲ*
1293 2852 1415 2886 εστι
1444 2832 1502 2887 ἐν
1537 2832 1610 2905 τῇ
1638 2829 1837 2891 Σκυθι-

231 2921 308 2997 κῇ
332 2917 495 2997 πάσῃ
519 2917 674 2998 χώρῃ
699 2917 766 2978 τό
802 2942 1069 2994 παραπαν
1108 2940 1234 2976 ουτε
1266 2912 1408 2983 ὄνος,
1437 2915 1564 2975 οὔτε
1589 2914 1836 2990 ἡμίονος,

231 3005 329 3066 δια
374 3032 446 3066 τα
499 3006 700 3085 ψυχεα.
781 3004 1105 3081 ὑβρίζοντες
1148 3028 1220 3061 ων
1261 3003 1314 3060 οἳ
1355 2999 1473 3061 ὄνοι
1514 3002 1837 3078 ἐτάρασσον

228 3093 339 3170 τήν
366 3095 537 3154 ἵππον
561 3099 671 3153 τῶν
697 3093 970 3158 Σκυθέων·
1011 3088 1293 3151 πολλάκις
1318 3089 1394 3158 δὲ,
1424 3090 1840 3150 ἐπελαυνόντων

233 3182 330 3241 ἐπὶ
360 3181 490 3246 τούς
531 3183 778 3259 Πέρσας,
806 3178 1017 3256 μετ-αξη)
1058 3179 1198 3241 ὅκως
1237 3176 1537 3238 ἀκούσειαν
1578 3179 1632 3237 οἱ
1676 3178 1839 3237 ἵπποι

227 3273 346 3330 τῶν
386 3267 525 3330 ὄνων
564 3272 667 3346 τῆς
708 3270 914 3345 φωνῆς,
956 3264 1344 3346 ἐταράσσοντό
1382 3290 1444 3325 τε
1482 3264 1839 3347 ὕποστρεφό·
