2184 3517
197 112 422 178 37—39]
876 115 1149 165 eAAEIA.
1705 116 1804 166 219
1853 131 1861 136 ·

195 191 258 251 δὲ
284 192 354 269 δή
384 194 477 253 καὶ
502 197 602 254 τοῦ
627 192 955 269 Ἡφαίστου
978 193 1046 255 τὰ
1074 192 1196 270 ἶρὸν
1220 190 1383 268 ἦλθε,
1403 192 1497 252 καὶ
1514 190 1808 272 πολλοῖτῷ

193 277 488 361 ἀγάλματι
513 280 878 361 κατεγέλασε·
917 281 1070 357 (ἔστι
1108 281 1170 340 δὲ
1204 283 1306 340 τοῦ
1344 279 1670 355 Ἡφαίστου
1697 279 1803 341 τῶ-

193 371 395 446 γαλμα
417 373 573 429 τοῖσι
597 368 967 444 Φοινικηίοισι
994 371 1336 428 Παταῖκοῖσι
1362 369 1800 444 ἐμφερέστατον,

193 455 326 518 τούς
350 459 407 515 οἱ
432 457 680 520 Φοίνικες
707 460 765 515 ἐν
788 460 926 534 τῇσι
949 455 1209 535 πρώρῃσι
1233 460 1343 516 τῶν
1367 454 1633 532 τριήρεων
1650 480 1800 533 περι·

195 541 423 624 οἷγουσι·
451 543 515 606 ὃς
539 544 600 603 δὲ
616 542 847 607 τούτους
868 543 950 620 μή
972 543 1206 615 ὀπώπεε,
1229 543 1338 624 ἐγῶ
1358 543 1421 602 δέ
1444 545 1499 603 οἶ
1519 544 1799 619 σημανέω·

194 630 482 710 πυγμαίου
520 630 717 708 οἷνδρὸς
754 631 993 707 μίμησίς
1029 630 1196 711 ἐστι.)
1267 632 1481 707 ἐσῆλθε
1517 631 1578 690 δὲ
1613 630 1706 690 καὶ
1743 635 1801 696 ἐς

194 720 305 778 τῶν
329 720 633 795 Καβείρων
655 717 723 779 τὰ
750 718 886 795 ἶρὸν,
915 724 971 782 ἐς
995 719 1062 780 τὸ
1089 717 1157 780 οὗ
1184 718 1413 797 θεμιτόν
1438 724 1562 780 ἐστι
1589 718 1798 779 ἐσιέναι

195 803 380 866 ἄλλον
415 831 487 887 γε
523 804 563 882 ἢ
599 805 700 866 τόν
739 808 878 883 ἱρέα·
930 810 1110 868 ταῦτα
1148 806 1211 867 δὲ
1246 805 1320 867 τοὶ
1361 805 1665 887 α’γάλματα
1703 807 1797 867 καὶ

195 893 488 971 ἐνέπρησε,
528 893 723 954 πολλὰ
765 893 1160 972 κατασκώψας.
1228 894 1352 955 ἔστι
1390 894 1452 954 δὲ
1490 896 1583 955 καὶ
1619 899 1797 957 ταῦτα

193 979 366 1057 ὁμοῖα
394 985 498 1042 τοῦ
532 981 874 1058 Ἡφαίστου·
914 980 1118 1043 τούτου
1153 981 1218 1043 δέ
1249 988 1437 1058 σφεας
1465 982 1667 1047 παῖδας
1701 983 1791 1043 λέ·

192 1093 364 1148 γουσι
399 1068 558 1130 εἶναι.
625 1073 902 1149 Πανταχῆ
930 1068 1005 1130 ῶν
1029 1095 1131 1147 μοι
1166 1069 1316 1145 δῆλοί
1341 1074 1466 1131 ἐστι
1496 1069 1584 1130 ὅτι
1619 1069 1795 1148 ἐμάνη
1812 1073 1889 1130 38

193 1156 456 1236 μεγάλως
488 1156 522 1217 ὅ
556 1155 902 1235 Καμβύσης·
943 1155 1009 1217 οὗ
1043 1155 1252 1238 γὰρ,ἂν
1278 1157 1458 1234 ἱροῖσί
1482 1182 1544 1218 τε
1582 1159 1675 1217 καὶ
1706 1184 1795 1219 νο-

191 1245 417 1319 μαίοισι
456 1246 785 1324 ἐπεχείρησε
824 1250 1161 1326 καταγελᾶν·
1202 1250 1254 1306 εἰ
1290 1245 1401 1325 γάρ
1436 1271 1522 1310 τις
1558 1244 1795 1324 προθείη

192 1334 342 1393 πᾶσι
379 1331 730 1411 ἀνθρώποισι
769 1333 1110 1404 ἐκλέξασθαι
1149 1333 1387 1394 κελεύων
1425 1332 1630 1411 νόμους
1661 1333 1792 1398 τοῦς

194 1419 539 1485 καλλίστους
563 1426 624 1481 ἐκ
647 1425 760 1482 τῶν
783 1420 1004 1481 πάντων
1028 1419 1229 1497 νόμων,
1254 1420 1692 1499 διασκεψάμενοι
1723 1418 1796 1483 ἂν

194 1508 420 1569 ἑλοίατο
452 1509 680 1570 ἕκαστοι
708 1509 839 1573 τούς
874 1511 1104 1569 ἑωυτῶν·
1146 1507 1289 1569 οὕτω
1323 1510 1617 1586 νομίζουσι
1640 1508 1793 1570 πολύ

190 1620 245 1653 τι
286 1597 635 1661 καλλίστους
673 1596 805 1660 τούς
848 1599 1061 1656 ἑωυτῶν
1106 1595 1310 1672 νόμους
1355 1597 1586 1658 ἔκαστοι
1631 1596 1791 1658 εἶναι·

193 1681 370 1744 οὔκων
403 1683 553 1748 οἶκός
581 1689 707 1745 ἐστι
746 1681 929 1743 ἄλλον
963 1708 1032 1765 γε
1071 1683 1141 1759 δή
1176 1683 1215 1760 ἢ
1242 1684 1579 1761 μαινόμενον
1617 1684 1792 1764 ἄνδρα

190 1771 414 1850 γέλωτα
436 1770 509 1832 τοῖ
531 1776 762 1832 τοιαῦτα
784 1771 1064 1832 τίθεσθαι.
1124 1770 1195 1836 ὥς
1219 1771 1281 1831 δὲ
1306 1771 1448 1833 οὕτω
1466 1773 1792 1849 νενομίκασι

190 1857 263 1916 τὰ
295 1858 427 1935 περὶ
456 1856 590 1922 τούς
621 1857 827 1934 νόμους
861 1860 917 1918 οἶ
950 1857 1157 1923 πάντες
1190 1857 1487 1937 ἄνθρωποι,
1512 1859 1796 1921 πολλοῖσί

190 1968 252 2004 τε
278 1946 373 2005 καὶ
399 1945 644 2007 ἄλλοισί
664 1945 1018 2023 τεκμηρίοισι
1055 1946 1296 2023 πάρεστι
1320 1947 1789 2025 σταθμώσασθαι,

194 2035 252 2092 ἐν
284 2033 348 2093 δὲ
380 2032 452 2110 δή
488 2034 582 2093 καὶ
614 2033 772 2113 τῶδε·
814 2036 1053 2110 Δαρεῖος
1094 2034 1189 2094 ἐπὶ
1227 2038 1330 2110 τῆς
1367 2038 1570 2096 ἑωυτοῦ
1609 2034 1790 2115 α’ρχῆς

194 2121 442 2185 καλέσας
468 2119 759 2197 Ἑλλήνων
790 2120 920 2185 τοῦς
952 2121 1261 2200 παρεόντας
1295 2123 1471 2198 εἴρετο
1511 2121 1605 2181 ἐπὶ
1638 2121 1791 2203 κόσῳ

193 2205 261 2269 ἂν
282 2210 534 2288 χρήματι
556 2209 869 2285 βουλοίατο
902 2208 1033 2275 τούς
1060 2210 1305 2287 πατέρας
1330 2209 1791 2286 ἀποθνήσκοντας

194 2297 658 2367 κατασιτέεσθαις
712 2299 768 2357 οἱ
806 2296 867 2356 δὲ
906 2295 992 2357 ἐπ’
1026 2296 1207 2357 οὐδενὶ
1245 2298 1470 2373 ἔφασαν
1509 2297 1685 2374 ἕρδειν
1721 2294 1793 2358 ἂν

193 2388 377 2445 τοῦτο·
419 2388 656 2462 Δαρεῖος
686 2383 747 2444 δὲ
779 2383 924 2461 μετοῖ
957 2388 1136 2446 ταῦτα
1173 2384 1420 2449 καλέσας
1444 2383 1632 2445 Ἰνδῶν
1660 2384 1792 2449 τούς

196 2474 562 2549 καλεομένους
585 2473 934 2542 Καλλατίας,
956 2470 1021 2532 ot-
1034 2471 1167 2536 τούς
1190 2473 1388 2554 γονέας
1408 2471 1789 2543 κατεσθίουσι,

195 2558 387 2637 εἴρετο,
433 2558 751 2637 παρεόντων
792 2562 903 2621 τῶν
942 2557 1237 2634 Ἑλλήνων
1280 2560 1374 2620 καὶ
1419 2558 1489 2620 δι’
1531 2560 1792 2638 ἑρμηνέος

195 2646 579 2723 μανθανόντων
601 2646 676 2709 ταῖ
698 2646 995 2729 λεγόμενα,
1023 2648 1119 2706 ἐπὶ
1147 2647 1258 2708 τίνι
1280 2647 1529 2728 χρήματι
1554 2647 1792 2719 δεξαίατ’

196 2731 262 2796 ἂν
281 2736 670 2800 τελευτέοντας
694 2735 823 2799 τούς
846 2735 1089 2812 πατέρας
1115 2737 1431 2796 κατακαίειν
1455 2736 1595 2815 πυρί
1606 2761 1624 2806 ;
1656 2737 1711 2797 οἶ
1729 2736 1791 2797 δὲ

197 2820 567 2901 ἀμβώσαντες
588 2823 738 2904 μέγα
763 2821 1061 2899 εὐφημέειν
1077 2849 1177 2901 μιν
1196 2824 1471 2885 ἐκέλευον.
1529 2822 1671 2884 οὕτω
1686 2824 1792 2902 μέν

197 2934 288 2972 νυν
302 2914 481 2971 ταῦτα
500 2910 843 2987 νενόμισται·
876 2911 968 2970 καὶ
994 2908 1173 2988 ὀρθῶς
1190 2936 1291 2988 μοι
1311 2911 1488 2971 δοκέει
1514 2911 1793 2988 Πίνδαρος

196 3002 446 3075 ποιῆσαι,
487 3002 782 3060 NOMON
828 3002 1159 3058 HANTQN
1206 2998 1544 3063 ΒΑΣῙΑΕΑ
1597 2997 1792 3075 φήσας

198 3084 349 3147 εἶναι.

271 3174 606 3252 Καμβύσεω
636 3175 698 3236 δὲ
729 3174 814 3235 ἐπ’
840 3176 1130 3256 Αἴγυπτον
1151 3173 1614 3252 στρατευομένου,
1642 3177 1791 3234 ἐποι·
1809 3175 1885 3235 39

194 3257 408 3335 ἦσαντο
443 3263 539 3322 καὶ
568 3261 1000 3339 Λακεδαιμόνιοι
1032 3261 1341 3341 στρατηίην
1376 3261 1470 3322 ἐπὶ
1506 3259 1701 3339 Σάμον
1729 3286 1795 3321 τε
