2184 3517
254 146 477 215 εις-69]
909 149 1236 200 n‘r'mmn.
1766 155 1866 206 141

250 230 362 310 γὰρ
391 228 475 288 οἷοὶ
502 234 562 290 ἐν
579 233 658 310 γῇ
686 230 778 288 καὶ
807 228 1046 299 ἐκλέπει,
1071 233 1164 290 καὶ
1188 231 1255 291 τό
1282 228 1508 292 πολλὸν
1530 234 1633 309 τῆς
1657 231 1868 312 ἤμέρης

252 317 533 394 διατρίβει
575 322 633 377 ἐν
673 321 751 396 τῷ
795 318 956 397 ξηρῷ,
987 318 1091 393 τήν
1136 318 1196 377 δὲ
1239 318 1411 380 νύκτα
1452 324 1647 380 πᾶσαν
1692 327 1747 381 ἐν
1791 326 1869 402 τῷ

251 410 505 484 ποταμῷ·
567 405 903 483 θερμότερον
944 405 1053 487 γοῖρ
1097 406 1167 483 δή
1208 412 1332 467 ἐστι
1371 406 1440 468 τὸ
1482 408 1624 486 ὕδωρ
1665 413 1766 484 τῆς
1803 436 1866 471 τε

250 495 469 571 αἰθρίης
497 493 590 553 καὶ
617 497 717 569 τῆς
745 492 972 571 δρόσου.
1051 494 1274 555 πάντων
1300 495 1360 554 δὲ
1386 500 1497 555 τῶν
1521 495 1684 573 ἡμεῖς
1709 497 1867 575 ἴδμεν

251 582 468 658 θνητῶν
493 587 662 643 τοῦτο
689 581 753 651 ἐξ
771 583 1079 662 ἐλαχίστου
1106 583 1381 664 μέγιστον
1405 584 1636 665 γίνεται·
1666 584 1739 645 τοὶ
1761 588 1867 662 μὲν

245 669 359 750 γὰρ
389 668 472 729 ὦαῖ
498 669 712 749 χηνέων
739 667 804 729 οὖ
840 674 1041 749 πολλῷ
1077 670 1287 749 μέζονα
1312 671 1501 742 τίκτει,
1524 674 1617 732 καὶ
1644 672 1678 733 ό
1704 699 1864 734 νεοσ-

249 757 355 822 ode
396 756 541 817 κατὰ
579 756 755 838 λόγον
793 761 895 817 τοῦ
937 757 1046 818 ὥοῦ
1085 761 1318 841 γίνεται·
1388 759 1763 836 αὐξανόμενος
1801 763 1863 823 δὲ

245 847 462 927 γίνεται
502 845 595 905 καὶ
636 850 691 910 ἐς
731 846 1098 906 ἑπτακαίδεκα
1137 847 1371 927 πήχεας,
1410 849 1503 908 καὶ
1540 849 1720 926 με’ζων
1762 850 1860 909 ἔτι·

248 931 366 1012 ἔχει
393 934 455 994 δὲ
482 933 818 1011 ὀφθαλμοὺς
842 937 947 1011 μὲν
974 934 1086 1005 ὖὸς,
1115 933 1347 1000 ὀδόντας
1374 936 1433 995 δὲ
1458 937 1742 1018 μεγάλους
1768 940 1862 998 καὶ

244 1022 672 1101 χαυλιόδοντας,
715 1022 858 1082 κατσῖ
898 1022 1077 1104 λόγον
1117 1028 1219 1083 τοῦ
1260 1022 1541 1101 σώματος·
1582 1029 1863 1106 γλῶσσαν

246 1110 309 1169 δὲ
337 1114 547 1188 μοῦνον
582 1112 786 1189 θηρίων
817 1109 919 1171 οὖκ
960 1113 1159 1188 ἔφυσε·
1214 1110 1341 1172 οὐδὲ
1371 1113 1476 1187 τήν
1518 1111 1664 1173 κάτω
1697 1113 1862 1174 κινέει

243 1198 474 1281 γνάθον,
531 1198 687 1258 οἷλλοὶ
741 1198 833 1258 καὶ
884 1202 1053 1260 τοῦτο
1096 1203 1304 1276 μοῦνον
1337 1200 1551 1284 «θηρίων
1602 1199 1707 1276 τήν
1747 1199 1861 1260 ἅνω

242 1286 459 1368 γνάθον
484 1286 763 1369 προσάγει
788 1291 862 1366 τῇ
889 1286 1055 1347 κάτω·
1091 1288 1207 1366 ἔχει
1232 1286 1292 1346 δὲ
1320 1287 1413 1346 καὶ
1440 1286 1643 1367 ὄνυχας
1670 1314 1858 1366 καρτε-

243 1374 378 1452 ροῦς
405 1375 499 1435 καὶ
533 1375 710 1453 δέρμα
746 1375 1072 1450 λεπιδωτόν,
1102 1374 1378 1452 ἄρρηκτον
1404 1376 1496 1435 ἐπὶ
1529 1380 1631 1435 τοῦ
1664 1376 1857 1437 ναῖτου·

243 1463 471 1539 τυφλόν
497 1463 557 1523 δὲ
584 1468 643 1523 ἐν
667 1462 843 1533 ὕδατι,
872 1467 933 1523 ἐν
957 1462 1017 1521 δὲ
1052 1467 1125 1542 τῇ
1157 1464 1342 1543 αἰθρίῃ
1371 1461 1852 1542 ὀξυδερκέστατον.

245 1550 344 1612 ἅτε
385 1550 457 1627 δή
499 1550 575 1611 ὧν
615 1555 674 1612 ἐν
712 1549 873 1611 ὕδατι
911 1550 1143 1611 δίαιταν
1167 1551 1515 1629 ποιεύμενον,
1556 1551 1623 1612 τὸ
1665 1552 1869 1629 στόμα·

245 1638 466 1700 ἔνδοθεν
506 1638 702 1717 φορέει
739 1642 854 1698 πᾶν
891 1638 1107 1716 μεστόν
1145 1639 1457 1716 βδελλέων.
1537 1666 1608 1701 τα
1647 1643 1752 1716 μὲν
1786 1641 1855 1716 δὴ

243 1725 459 1786 ἅλλα”
425 1752 592 1805 ορνεα
612 1727 703 1786 καὶ
725 1727 891 1804 θηρία
912 1725 1109 1809 φεύγει
1134 1753 1250 1804 μιν·
1280 1755 1310 1788 ο
1296 1727 1393 1787 δε
1417 1730 1683 1809 τροχίλος
1711 1732 1851 1838 εἰρη-

243 1815 400 1877 ναῖόν
428 1819 483 1875 οἱ
511 1816 637 1876 ἐστὶ
656 1814 755 1875 ἅτε
783 1814 1151 1896 ωφελεομὲνω
1171 1843 1312 1894 προς
1339 1815 1527 1877 αὐτοῦ·
1558 1816 1724 1877 ἐπεοὶν
1742 1817 1856 1897 γὰρ

244 1907 302 1966 ἐς
337 1903 443 1980 τὴν
480 1908 591 1986 γῆν
627 1905 773 1981 ἐκβῇ
805 1909 867 1963 ἐκ
907 1907 1008 1964 τοῦ
1047 1903 1313 1968 ὕδατος“
1278 1931 1311 1965 ο
1348 1905 1718 1982 κροκόδειλος,
1761 1906 1855 1965 καὶ

243 1992 435 2054 ἔπειτα
486 1992 865 2073 χάνῃ,--ἔωθε
915 2019 1028 2073 γαρ
1068 1996 1238 2053 τοῦτο
1284 1993 1355 2057 ὥς
1400 1995 1604 2054 ἐπίπαν
1650 1993 1860 2054 ποιέειν

240 2081 384 2157 πρός
408 2079 510 2141 τᾶν
546 2081 1130 2158 ζέφυρον,-ἐνθαῦτα
1161 2080 1195 2141 0‘
1230 2081 1496 2160 τροχίλος
1531 2080 1772 2142 ἐσδύνων
1799 2087 1856 2146 ἐς

239 2168 308 2229 vd
346 2168 537 2246 στόμα
568 2167 739 2229 αὐτοῦ
775 2170 1062 2230 καταπίνει
1101 2168 1203 2232 τοὶς
1241 2169 1512 2245 βδέλλας,
1550 2169 1583 2229 ὁ
1616 2169 1675 2228 δὲ
1707 2167 1849 2245 ὤφε-

236 2257 508 2334 λεύμενος
559 2256 751 2334 ἥδεται
799 2257 892 2316 καὶ
946 2256 1106 2318 οὐδὲν
1147 2257 1363 2316 σίνεται
1414 2255 1515 2316 τόν
1559 2259 1849 2334 τροχίλον.

236 2349 407 2405 Τοῖσι
431 2348 536 2423 μὲν
554 2344 624 2421 δή
650 2348 761 2405 τῶν
782 2344 1100 2427 Αἰγυπτίων
1129 2343 1245 2421 ἱροί
1266 2346 1377 2402 εἰσι
1404 2346 1458 2402 οἶ
1486 2343 1845 2420 κροκόδειλοι,
1868 2346 1943 2405 69

233 2436 395 2493 τοῖσι
433 2433 482 2492 δ’
511 2432 592 2504 οὒ,
629 2431 762 2493 ἀλλ’
788 2431 886 2493 ἅτε
925 2433 1232 2510 πολεμίους
1271 2432 1621 2508 περιέπουσι.
1705 2434 1759 2490 οἱ
1790 2431 1851 2491 δὲ

233 2522 376 2598 περί
394 2547 457 2581 τε
483 2522 687 2598 Θήβας
713 2522 805 2580 καὶ
830 2520 937 2597 τήν
962 2522 1201 2597 Μοίριος
1227 2520 1431 2597 λίμνην
1459 2519 1729 2583 οἰκέοντες
1756 2519 1849 2578 καὶ
1976 2549 1999 2574 ι

233 2609 418 2687 κάρτα
456 2608 694 2691 ἥγηνται
747 2607 950 2673 αὖτοῦς
990 2608 1131 2670 εἶναι
1173 2608 1341 2686 ἱρούς.
1426 2613 1486 2668 ἐκ
1527 2606 1749 2669 πάντων
1789 2608 1849 2668 δὲ

233 2698 336 2758 ἕνα
391 2697 639 2775 ἑκάτεροι
691 2698 971 2776 τρέφουσι
993 2761 999 2766 ,
1025 2696 1398 2775 κροκόδειλον,
1456 2697 1848 2778 δεδιδαγμένον

231 2786 380 2847 εἶναι
402 2786 720 2865 χειροήθεα·
789 2784 1086 2862 α’ρτήματοί
1111 2811 1175 2846 τε
1206 2786 1395 2846 λίθινα
1421 2786 1566 2865 χυτοὶ
1593 2787 1687 2845 καὶ
1712 2784 1846 2864 χρύ-

229 2900 348 2934 σεα
401 2879 457 2938 ἐς
494 2873 567 2934 τοὶ
608 2873 723 2934 ὦτα
763 2873 1023 2943 ἐνθέντες,
1079 2873 1172 2932 καὶ
1225 2872 1503 2951 α’μφιδέας
1550 2874 1679 2949 περὶ
1716 2870 1847 2935 τοῦς
1889 2873 1895 2878 ’

227 2963 548 3041 προσθίους
587 2961 778 3031 πόδας,
813 2962 906 3020 καὶ
946 2962 1105 3021 σιτία
1144 2960 1433 3021 α’πότακτα
1474 2959 1713 3022 διδόντες
1753 2959 1846 3018 καὶ

229 3051 409 3129 ἶρήῖα,
445 3050 538 3110 καὶ
577 3050 931 3128 περιέποντες
971 3049 1043 3113 ὥς
1085 3048 1371 3108 κάλλιστα
1413 3046 1666 3118 ζώοντας,
1694 3045 1844 3105 -α’πο·

226 3138 511 3202 θανόντας
535 3138 596 3198 δὲ
620 3136 1006 3216 ταριχεύοντες
1039 3136 1319 3197 θάπτουσι
1346 3139 1404 3194 ἐν
1432 3137 1588 3212 ἱρῇσι
1616 3132 1843 3212 θήκῃσι.

227 3231 289 3289 οἷ
315 3227 381 3288 δὲ
407 3228 537 3306 περὶ
550 3225 959 3303 Ἐλεφαντίνην
978 3224 1152 3285 πόλιν
1171 3223 1440 3286 οἰκέοντες
1467 3222 1559 3279 καὶ
1585 3222 1844 3283 ἐσθίουσι

224 3314 456 3385 αὖτοῧς,
484 3313 585 3375 οὖκ
615 3313 912 3394 ἡγεόμενοι
949 3310 1099 3388 ἷρούς
1132 3310 1287 3370 εἶναι.
1370 3309 1665 3369 καλέονται
1695 3309 1757 3368 δὲ
1781 3307 1846 3367 οὗ
