2184 3517
341 120 406 167 88
952 115 1322 165 ·111>0A01·0·r
1870 113 1950 179 [1.

337 196 690 274 ἀναισιμώθη
736 196 829 255 καὶ
867 196 934 257 τό
974 199 1162 274 τεῖχος
1199 194 1388 256 ὅντινα
1429 193 1641 272 τρόπον
1681 193 1955 274 ἔργαστο.

338 285 678 363 ὀρύσσοντες
708 283 824 362 ἅμα
853 283 958 359 τήν
981 282 1203 360 τάφρον
1229 282 1558 342 ἐπλίνθευον
1579 280 1685 356 τήν
1707 285 1818 361 γῆν
1843 279 1956 356 τὴν

339 378 400 432 ἐκ
423 378 525 433 τοῦ
550 371 865 453 ὀρύγματος
899 372 1293 449 ἐκφερομένην,
1329 368 1663 432 ἑλκύσαντες
1694 369 1754 428 δὲ
1784 370 1951 429 πλίν-

341 461 472 524 θους
514 460 701 524 ἱκανοῖς
743 458 1009 536 ὤπτησαν
1050 458 1221 522 αὖτσῖς
1256 464 1315 518 ἐν
1353 458 1659 533 καμίνοισι·
1697 457 1843 534 μετοὶ
1870 458 1948 527 δὲ,

338 550 573 627 τέλματι
615 547 920 627 χρεώμενοι
959 546 1243 626 οἷσφάλτῳ
1290 546 1487 623 θερμῇ,
1532 545 1624 604 καὶ
1664 544 1756 604 διοὶ
1792 543 1951 622 τριή-

341 663 508 697 κοντα
542 636 724 712 δόμων
758 637 998 696 πλίνθου
1032 634 1278 712 ταρσούς
1314 634 1580 710 καλάμων
1614 633 1949 709 διαστοιβά-

338 726 536 796 ζοντες,
579 724 797 801 ἔδειμαν
837 728 1033 802 πρῶτα
1072 726 1178 801 μὲν
1216 727 1317 799 τῆς
1355 720 1578 799 τάφρου
1618 721 1690 781 τὰ
1727 721 1946 800 χείλεα,

339 811 566 891 δεύτερα
602 813 663 873 δὲ
695 810 830 873 αὐτὰ
869 812 935 872 τό
962 816 1150 891 τεῖχος
1172 811 1272 872 τὸν
1297 809 1467 871 αὖτόν
1488 810 1719 889 τρόπον·
1761 807 1948 870 ἐπάνω

339 901 400 961 δὲ
423 904 523 961 τοῦ
547 902 759 980 τείχεος
783 899 938 977 παροὶ
961 899 1033 961 τοὶ
1059 902 1290 980 ἔσχατα,
1313 899 1589 975 οἰκήματα
1612 896 1948 975 μουνόκωλα

339 990 557 1067 ἔδειμαν
601 990 954 1067 τετραμμένα
995 994 1050 1053 ἐς
1097 989 1348 1064 ἄλληλα·
1394 987 1461 1048 τό
1502 987 1682 1065 μέσον
1727 986 1789 1046 δὲ
1831 991 1946 1046 τῶν

338 1075 650 1155 οἰκημάτων
685 1080 879 1138 ἔλιπον
916 1078 1203 1157 τεθρίππῳ
1236 1076 1585 1155 περιέλασιν.
1665 1074 1845 1134 πύλαι
1885 1074 1945 1135 δὲ

339 1169 602 1226 ἐνεστᾶσι
639 1166 804 1243 πέριξ
838 1171 939 1226 τοῦ
973 1166 1188 1244 τείχεος
1220 1162 1428 1235 ἐκατόν,
1464 1163 1706 1244 χάλκεαι
1738 1168 1942 1234 πᾶσαι,

340 1255 433 1313 καὶ
484 1256 735 1331 σταθμοί
779 1281 842 1315 τε
890 1256 983 1314 καὶ
1027 1253 1313 1331 ὑπέρθυρα
1366 1251 1645 1315 ὦσαύτως.
1714 1253 1837 1312 ἔστι
1884 1252 1943 1312 δὲ

341 1342 494 1419 ἄλλη
533 1343 699 1407 πόλις
738 1342 1034 1422 ἀπέχουσα
1066 1340 1211 1401 ὀκτώ
1240 1341 1489 1418 ἡμερέων
1519 1339 1651 1401 ὅδὸν
1683 1339 1796 1401 οἷπό
1831 1346 1942 1399 Βα·

337 1431 614 1506 βυλῶνος·
657 1429 743 1494 Ἲς
785 1430 996 1508 οὕνομα
1038 1428 1198 1507 αὐτῇ·
1242 1430 1390 1513 ἔνθα*
1415 1429 1541 1488 ἐστὶ
1584 1428 1837 1505 ποταμὸς
1876 1429 1942 1489 οὗ

337 1519 532 1600 μέγας·
571 1517 658 1581 Ἲς
692 1519 784 1578 καὶ
812 1522 890 1597 τῷ
921 1522 1156 1597 ποταμῷ
1189 1517 1256 1578 τό
1290 1517 1518 1592 οὔνομα·
1562 1515 1847 1594 ἐσβάλλει
1883 1517 1942 1577 δὲ

340 1604 501 1670 οὗτος
534 1612 589 1670 ἐς
622 1605 721 1667 τόν
746 1604 1055 1684 Εὐφρήτην
1084 1603 1344 1683 ποταμὸν
1375 1605 1441 1666 τό
1467 1605 1713 1683 ῥέεθρον.
1783 1604 1945 1670 οὗτος

342 1693 418 1755 ὦν
443 1695 475 1756 ὁ
499 1693 584 1759 Ἲς
610 1694 861 1772 ποταμός
884 1694 1003 1773 ἅμα
1026 1699 1106 1774 τῷ
1134 1693 1293 1754 ὕδατι
1321 1692 1610 1771 θρόμβους
1635 1691 1942 1769 οἷσφάλτου

342 1781 592 1843 οἷναδιδοῖ
613 1782 884 1848 πολλούς·
925 1784 1079 1844 ἔνθεν
1105 1782 1143 1859 ἦ
1171 1781 1470 1859 ἄσφαλτος
1498 1787 1552 1845 ἐς
1574 1780 1641 1842 τό
1669 1786 1727 1842 ἐν
1752 1783 1942 1859 Βαβυ-

248 1872 361 1930 180
381 1876 518 1931 λῶνι
555 1876 740 1951 τεῖχος
780 1872 1073 1948 ἐκομίσθη.
1142 1871 1467 1949 Τετείχιστο
1497 1870 1602 1947 μέν
1631 1895 1729 1931 νυν
1758 1869 1795 1946 ἦ
1830 1877 1941 1932 Βα·

338 1960 535 2035 βυλών
583 1958 769 2040 τρόπῳ
819 1960 1030 2039 τοιῷδε.
1129 1960 1252 2020 ἔστι
1302 1960 1363 2018 δὲ
1413 1958 1511 2019 δύο
1564 1955 1792 2036 φάρσεα
1840 1962 1944 2035 τῆς

339 2047 558 2112 πόλιος*
612 2048 678 2109 τὸ
718 2048 829 2131 γοῖρ
873 2052 1053 2126 μέσον
1100 2048 1270 2124 αὐτῆς
1309 2047 1561 2125 ποταμός
1601 2047 1820 2126 διέργει,
1864 2052 1944 2127 τῷ

342 2134 552 2215 οὔνομά
592 2141 714 2198 ἐστι
752 2136 1075 2215 Εὐφρήτης.
1156 2137 1270 2214 ῥέει
1309 2136 1371 2195 δὲ
1411 2137 1473 2206 ἐξ
1507 2136 1809 2214 Ἀρμενίων
1841 2135 1946 2196 ἐών

340 2227 517 2307 μέγας
559 2226 652 2286 καὶ
691 2225 876 2305 βαθιῖς
915 2227 1007 2285 καὶ
1045 2225 1236 2305 ταχύς·
1280 2226 1412 2295 ἐξίει
1451 2226 1511 2285 δὲ
1551 2222 1711 2287 οὗτος
1750 2229 1806 2288 ἐς
1837 2224 1946 2300 τήν

340 2312 616 2392 Ἐρυθρὴν
642 2313 964 2374 θάλασσαν.
1036 2313 1104 2374 τό
1131 2314 1206 2373 ὧν
1232 2313 1300 2390 δὴ
1325 2317 1512 2394 τεῖχος
1537 2311 1793 2389 ἑκάτερον
1814 2314 1946 2378 τούς

340 2401 591 2482 οἷγκῶνας
618 2408 672 2466 ἐς
695 2402 795 2463 τόν
818 2401 1073 2479 ποταμὸν
1101 2402 1391 2479 ἐλήλαται·
1431 2402 1497 2463 τό
1524 2402 1584 2462 δὲ
1609 2400 1721 2463 οἷπό
1744 2401 1946 2463 τούτου

341 2489 424 2572 [αἱ
451 2491 781 2573 ἐπικαμπαὶ]
825 2491 979 2568 παροὶ
1016 2494 1212 2570 χεῖλος
1251 2490 1508 2568 ἑκάτερον
1544 2494 1647 2551 τοῦ
1674 2496 1945 2567 ’ποταμοῦ

343 2579 583 2656 αἱμασιὴ
621 2580 869 2639 πλίνθων
907 2578 1121 2640 ὀπτέων
1164 2580 1501 2658 παρατείνει.
1583 2579 1650 2639 τὰ
1693 2578 1753 2638 δὲ
1797 2577 1947 2639 ἄστυ

343 2665 498 2737 αὐτὰ,
526 2668 617 2726 ἐὸν
648 2671 863 2744 πλῆρες
888 2668 1099 2728 οἰκιέων
1121 2668 1447 2746 τριωρόφων
1471 2680 1535 2728 τε
1562 2668 1655 2727 καὶ
1678 2667 1946 2745 τετρωρό-

347 2761 484 2831 φων,
528 2756 933 2833 κατατέτμηται
970 2756 1070 2819 τοὶς
1109 2755 1270 2819 ὁδούς
1303 2756 1487 2828 ἰθείας,
1525 2755 1626 2820 τάς
1662 2781 1727 2815 τε
1760 2753 1948 2819 ἄλλας

345 2844 436 2906 καὶ
473 2842 574 2914 τοῖς
613 2843 939 2922 ἐπικαρσίας
977 2843 1076 2908 τοὶς
1117 2845 1209 2903 ἐπὶ
1246 2843 1346 2904 τόν
1387 2844 1643 2922 ποταμόν
1684 2842 1946 2923 ἐχούσας.

347 2932 488 2991 καταῖ
529 2932 597 3008 δὴ
629 2932 704 2993 ὧν
743 2931 983 3008 ἑκάστην
1023 2930 1153 2991 ὁὸὂν
1195 2937 1252 2992 ἐν
1290 2935 1363 3009 τῇ
1404 2936 1644 3013 αἱμασιῇ
1683 2935 1756 3011 τῇ
1790 2931 1949 3009 παρὰ

342 3020 442 3081 τόν
484 3019 738 3098 ποταμόν
777 3021 1004 3083 πυλίδες
1044 3025 1278 3096 ἐπῆσαν,
1322 3019 1457 3081 ὅσαι
1497 3046 1603 3098 περ
1638 3024 1697 3081 αἱ
1738 3024 1948 3098 λαῦραι

344 3113 617 3170 τοσαῦται
656 3108 911 3187 οἷριθμόν·
954 3109 1105 3185 ἦσαν
1139 3109 1199 3168 δὲ
1231 3109 1322 3168 καὶ
1359 3106 1522 3170 αὗται
1551 3108 1808 3190 χάλκεαι,
1846 3110 1946 3186 φέ-

252 3200 361 3257 181
377 3223 585 3275 ρουσαι
610 3197 701 3257 καὶ
728 3197 890 3258 αὐταὶ
916 3202 970 3261 ἐς
996 3196 1165 3258 αὕτόν
1187 3196 1287 3257 τᾶν
1306 3196 1580 3274 ποταμόν.
1639 3202 1819 3257 Τοῦτο
1843 3200 1951 3275 μὲν

345 3285 414 3361 δή
452 3285 520 3346 ‘ro‘
557 3289 743 3365 τεῖχος
782 3284 971 3363 θώρηξ
1007 3287 1154 3346 ἐστί·
1197 3286 1384 3363 ἕτερον
1422 3285 1484 3345 δὲ
1523 3286 1730 3346 ἔσωθεν
1760 3289 1952 3366 τεῖχος
