2184 3517
718 440 1428 515 ‘HPOAOTOY

518 589 1036 662 ἸΣΤΟΡΙΩΝ
1105 594 1615 662 ΤΕΤΑΡΤΗ.

971 763 1173 792 ...4-

790 888 1337 947 ΜΕΛΠΟΜΕΝΗ.

295 989 517 1045 ΜΕΤΑ
561 982 621 1044 δὲ
663 984 769 1061 τήν
814 988 1162 1063 Βαβυλῶνος
1206 989 1427 1066 αἵρεσιν
1474 988 1692 1070 ἐγένετο
1734 988 1826 1048 ἐπὶ
1855 990 1887 1048 1

214 1071 439 1136 Σκύθας
475 1098 544 1132 αυ
577 1075 679 1132 τοῦ
713 1074 952 1150 Δαρείου
988 1076 1202 1139 ἔλασις.
1272 1074 1548 1153 α’νθεύσης
1577 1102 1689 1157 γαρ
1722 1079 1825 1152 τῆς

211 1158 417 1235 Ἀσίης
451 1158 690 1237 α’νδράσι
731 1161 821 1220 καὶ
860 1162 1164 1240 χρημάτων
1199 1163 1468 1244 μεγάλων
1505 1163 1824 1244 συνιόντων,

213 1246 539 1324 ἐπεθύμησε
575 1247 608 1308 ὅ
645 1252 881 1325 Δαρεῖος
910 1250 1187 1311 τίσασθαι
1229 1250 1537 1321 Σκύθας,
1506 1277 1593 1312 οτι
1629 1254 1826 1311 ἐκεῖνοι

211 1332 481 1413 πρότεροι
508 1335 913 1412 ἐσβαλόντες’
886 1362 942 1399 ες
964 1336 1070 1412 τήν
1090 1337 1352 1414 Μηδικὴν
1379 1337 1472 1397 καὶ
1497 1337 1827 1414 νικήσαντες

210 1420 376 1501 μάχῃ
406 1421 539 1486 τούς
572 1422 958 1500 ἀντιουμένους
987 1423 1243 1501 ύπῆρξαν
1280 1424 1512 1501 ἀδικίης.
1578 1430 1680 1502 τῆς
1710 1424 1825 1506 γοῖρ

212 1508 329 1570 ἅνω
373 1509 575 1586 Ἀσίης
617 1510 809 1589 ἦρξαν,
861 1511 932 1575 ὥς
979 1514 1073 1572 καὶ
1125 1511 1400 1591 πρότερόν
1445 1538 1545 1591 μοι
1593 1514 1822 1591 εἴρηται,

215 1596 435 1661 Σκύθαι
458 1599 582 1659 ἔτεα
609 1599 750 1660 δυῶν
771 1599 965 1661 δέοντα
989 1599 1310 1678 τριήκοντα·
1343 1601 1689 1679 Κιμμερίους
1706 1600 1819 1683 γοῖρ

214 1686 597 1752 ἐπιδιώκοντες
618 1688 953 1764 ἐσέβαλον’
926 1715 982 1753 ες
1000 1688 1105 1765 τὴν
1130 1687 1350 1799 Ἀσίην,
1368 1688 1828 1753 καταπαύσαντες

212 1778 320 1850 τῆς
356 1774 535 1855 ἀρχῆς
577 1775 827 1852 Μήδους·
870 1775 1025 1837 οὗτοι
1055 1776 1167 1857 γοὶρ
1198 1778 1332 1855 πρὶν
1368 1775 1405 1854 ἢ
1441 1776 1661 1843 Σκύθας
1693 1775 1819 1837 αἶπι·

215 1861 483 1923 κέσθαι’
446 1888 624 1942 ηρχον
647 1866 751 1939 τῆς
773 1862 997 1941 Ἀσίης.

298 1949 444 2014 Τους
480 1950 541 2010 δὲ
577 1949 795 2016 Σκύθας
826 1951 1370 2030 ἅποδημήσαντας’
1336 1980 1482 2016 οκτω
1515 1954 1608 2014 καὶ
1643 1955 1826 2014 εἴκοσι

219 2038 363 2110 ἔτεα,
414 2039 507 2097 καὶ
553 2038 645 2099 διαὶ
695 2038 904 2119 χρόνου
948 2041 1227 2102 τοσούτου
1280 2043 1572 2106 κατιόντας
1617 2047 1672 2106 ἐς
1720 2041 1828 2118 τὴν

215 2126 521 2203 σφετέρην,
549 2127 834 2198 ἐξεδέξατο
868 2127 969 2189 ούκ
1006 2129 1273 2191 ἐλάσσων
1302 2130 1475 2193 πόνος
1507 2134 1608 2189 τοῦ
1645 2129 1826 2205 Μηδι-

216 2217 340 2274 κοῦ·
369 2211 529 2293 εὗρον
546 2215 658 2297 γὰρ
679 2215 1039 2294 ἀντιουμένην
1059 2223 1173 2293 σφι
1187 2215 1460 2294 στρατιὴν
1483 2215 1583 2276 ούκ
1603 2215 1824 2296 ὀλίγην·

215 2306 277 2362 αἱ
320 2302 433 2384 γσῖρ
477 2307 589 2364 τῶν
631 2304 887 2368 Σκυθέων
927 2309 1198 2386 γυναῖκες,
1245 2304 1317 2368 ὥς
1369 2311 1482 2380 σφι
1531 2306 1585 2363 οἶ
1633 2303 1826 2380 ἄνδρες

215 2389 451 2466 ἀπῆσαν
468 2390 675 2471 χρόνον
694 2391 937 2464 πολλὰν,
961 2394 1218 2468 ἐφοίτεον
1237 2391 1391 2471 παριῗΙ
1417 2390 1547 2454 τοῦς
1575 2390 1825 2455 δούλους.

215 2478 363 2543 Τοῦς
403 2479 463 2539 δὲ
505 2479 740 2544 δούλους
779 2483 835 2540 οἳ
876 2480 1086 2546 Σκύθαι
1127 2480 1342 2545 πάντας
1381 2482 1688 2556 τυφλοῦσι,
1729 2483 1831 2540 τοῦ
1857 2482 1896 2540 2

214 2565 503 2647 γάλακτος
534 2568 737 2628 εἵνεκεν
764 2572 867 2628 τοῦ
903 2570 1148 2643 πίνουσι,
1175 2572 1460 2632 ποιεῦντες
1495 2565 1617 2627 ὧδε·
1661 2566 1830 2628 ἐπεοῖν

217 2659 552 2734 φυσητῆρας
597 2656 830 2734 λάβωσι
876 2655 1164 2722 ὀστεΐνους
1216 2657 1450 2718 αὐλοῖσι
1499 2661 1828 2735 προσεμφε-

215 2742 539 2822 ρεστοίτους,
574 2744 803 2808 τούτους
844 2746 1101 2810 ἐσθέντες
1141 2750 1197 2810 ἐς
1232 2749 1345 2806 τῶν
1387 2746 1603 2822 θηλέων
1645 2746 1829 2805 ἵππων

216 2830 291 2890 τοὶ
322 2828 506 2909 ἄρθρα
538 2837 773 2909 φυσῶσι
805 2836 960 2893 τοῖσι
1000 2833 1274 2911 στόμασι·
1316 2831 1488 2893 ἄλλοι
1525 2833 1601 2905 δὲ,
1634 2831 1827 2915 ἄλλων

221 2919 566 2993 φυσεόντων,
595 2920 931 3003 ἀμέλγουσι·
974 2922 1152 3003 (φασὶ
1179 2922 1238 2981 δὲ
1266 2920 1429 2981 τοῦδε
1457 2922 1638 2982 εἵνεκα
1660 2924 1830 2982 τοῦτο

217 3008 445 3078 ποιέειν,
471 3012 572 3068 τοῦ
597 3009 697 3073 τὰς
724 3010 955 3085 φλέβας
979 3036 1042 3069 τε
1067 3008 1440 3085 πίμπλασθαι
1466 3010 1831 3085 φυσεωμένας

217 3097 322 3171 τῆς
363 3097 537 3156 ἵππου
579 3097 673 3156 καὶ
703 3096 770 3158 τὰ
798 3095 972 3174 οὖθαρ
999 3096 1336 3176 κατίεσθαι·)
1378 3094 1547 3154 ἐπεὰν
1572 3095 1632 3153 δὲ
1655 3093 1830 3170 οἷμέλ-

219 3180 363 3251 ξωσι
388 3184 456 3244 τό
481 3183 652 3264 γάλα,
682 3184 976 3264 ἐσχέαντες
1003 3189 1060 3248 ἐς
1086 3183 1284 3253 ξύλινα
1311 3181 1520 3264 ἆγγήῖα
1546 3185 1714 3241 κοῖλα
1740 3180 1834 3240 καὶ

217 3272 642 3352 περιστίξαντες
661 3272 803 3332 κατὰ
822 3271 894 3331 τοὶ
913 3270 1126 3352 α’γγήῖα
1144 3270 1274 3335 τοῦς
1290 3269 1559 3348 τυφλούς,
1577 3268 1835 3330 δονέουσι
