2184 3517
292 90 388 138 360
856 134 861 139 .
919 89 1278 139 ΉΡΟΔΟΤΟΤ
1778 89 1908 155 [IV.

292 170 568 247 νέμονται,
590 175 739 250 τρεῖς
756 168 901 250 ὥρας
926 175 1039 232 ἐν
1012 176 1187 251 εωυτῇ
1213 171 1372 243 ἀξίας
1398 171 1676 281 θώματος·
1710 177 1914 249 πρῶτα

294 260 398 337 μὲν
416 285 529 340 γαρ
544 287 618 322 τα
599 259 1083 337 παραθαλάσσια
1104 265 1214 320 τῶν
1234 264 1459 337 καρπῶν
1477 260 1625 341 ὄργα
1595 260 1920 338 οἷμᾶσθαί

292 373 354 407 τε
381 350 474 407 καὶ
499 351 833 431 τρυγᾶσθαι·
875 349 1084 410 τούτων
1118 351 1177 408 δὲ
1212 350 1762 461 συγκεκομισμένων,
1795 354 1913 411 τῶν

293 435 822 513 ὖπερθαλασσιδίων
871 439 1066 518 χώρων
1116 439 1189 498 τοὶ
1233 439 1387 515 μέσα
1440 434 1587 519 οργᾷ
1635 441 1912 520 συγκομί-

295 523 509 596 ζεσθαι,
562 553 635 587 τα
688 526 928 603 βουνους
983 527 1272 588 καλέουσι·
1343 526 1797 612 συγκεκόμισταί
1845 553 1911 587 τε

297 610 458 676 οὗτος
493 614 526 674 ὅ
555 616 735 693 μέσος
766 641 978 693 καρπος
1013 617 1105 675 καὶ
1132 644 1163 677 ο
1192 620 1252 676 ἐν
1275 619 1350 695 τῇ
1386 614 1775 692 κατυπερτάτῃ
1806 621 1911 691 τῆς

295 706 400 782 γῆς
431 704 765 764 πεπαίνεταί
783 730 846 764 τε
873 705 965 764 καὶ
1001 704 1163 786 οργᾷ·
1206 704 1353 765 ὥστε
1391 704 1704 762 ἐκπέποταί
1723 729 1787 762 τε
1815 704 1908 762 καὶ

296 793 729 869 καταβέβρωται
771 821 802 854 ο
844 797 1061 872 πρῶτος
1109 793 1334 871 καρπός,
1379 794 1471 851 καὶ
1513 791 1545 852 ὅ
1584 795 1911 856 τελευταῖος

296 882 798 963 συμπαραγίνεται.
882 882 1024 942 οὕτω
1060 881 1146 940 ἐπ’
1174 882 1319 942 ὄκτω
1342 886 1522 959 μῆνας
1554 882 1910 959 Κυρηναίους

295 967 489 1048 ὀπώρη
515 972 722 1050 ἐπέχει.
762 974 941 1032 ταῦτα
964 972 1070 1048 μέν
1098 997 1195 1031 νυν
1216 972 1307 1030 ἐπὶ
1331 973 1612 1030 τοσοῦτον
1642 969 1909 1047 εἰρήσθω.

200 1057 319 1116 200
405 1061 479 1118 Οἱ
515 1059 576 1119 δὲ
609 1059 915 1138 Φερετίμης
948 1052 1181 1138 τιμωροὶ
1219 1061 1444 1137 Πέρσαι
1481 1060 1608 1118 ἐπεί
1626 1084 1691 1118 τε
1720 1064 1781 1118 ἐκ
1807 1062 1911 1136 τῆς

295 1146 584 1228 Αἰγύπτου
619 1148 921 1212 σταλέντες
953 1146 1067 1208 niv&
1097 1151 1201 1208 τοῦ
1224 1146 1535 1225 Ἀρυάνδεω
1570 1145 1818 1206 ἀπίκατο
1855 1151 1911 1211 ἐς

293 1233 399 1310 τήν
434 1236 676 1314 Βάρκην,
706 1236 1065 1315 ἐπολιόρκεον
1090 1236 1195 1313 τὴν
1225 1235 1397 1296 πόλιν
1422 1234 1910 1316 ἐπαγγελλόμενοι

303 1323 577 1384 ἐκδιδόναι
613 1324 743 1388 τούς
784 1325 991 1388 αἰτίους
1030 1328 1134 1385 τοῦ
1175 1323 1353 1401 φόνου
1397 1327 1498 1385 τοῦ
1539 1322 1909 1399 Ἀρκεσιλεω·

295 1415 408 1471 τῶν
434 1412 494 1472 δὲ
518 1416 633 1473 πᾶν
649 1413 761 1495 γοὶρ
788 1411 858 1488 ἦν
883 1413 951 1474 τὸ
971 1415 1193 1490 πλῆθος
1210 1413 1510 1490 μεταίτιον,
1532 1411 1633 1471 οὐκ
1654 1413 1911 1473 ἐδέκοντο

296 1499 426 1562 τοῦς
444 1540 449 1543 -
469 1500 693 1582 λόγους,
735 1502 974 1563 ἐνθαῦτα
1015 1503 1084 1578 δή
1129 1500 1490 1577 ἐπολιόρκεον
1525 1500 1631 1577 τὴν
1680 1500 1912 1578 Βάρκην

299 1588 393 1647 ἐπὶ
421 1593 601 1665 μῆνας
633 1590 805 1660 ἐννέα,
845 1589 1188 1667 ὁρύσσοντές
1225 1605 1298 1649 τε
1329 1588 1621 1671 ὀρύγματα
1660 1588 1911 1666 ὖπόγαια

304 1676 550 1755 φέροντα
604 1682 660 1741 ἐς
703 1676 771 1739 τό
824 1682 1010 1758 τεῖχος
1063 1679 1157 1738 καὶ
1223 1677 1565 1756 προσβολὰς
1640 1679 1910 1756 καρτερὰς

298 1764 636 1843 ποιεύμενοι.
686 1766 760 1826 τοὶ
783 1768 890 1844 μέν
923 1793 1022 1827 νυν
1056 1766 1350 1849 ὀρύγματα
1375 1764 1518 1842 α’,νῆρ
1542 1765 1790 1846 χαλκεῦς
1817 1765 1911 1827 αἶν-

301 1858 427 1930 εῦρε
458 1855 744 1935 ἐπιχάλκω
776 1855 995 1927 οἷσπίδι,
1025 1853 1131 1916 ὦδε
1164 1855 1553 1932 ἐπιφρασθείς·
1592 1856 1913 1932 περιφέρων

301 1941 477 2018 αὐτὴν
509 1942 662 2006 {vv-<3³
693 1947 795 2004 τοῦ
824 1945 1038 2024 τείχεος
1071 1946 1361 2023 προσίσχε
1397 1945 1538 2021 πρὸς
1567 1944 1637 2003 τὰ
1670 1942 1912 2005 δάπεδον

301 2032 402 2106 τῆς
445 2028 665 2095 πόλιος·
719 2030 793 2092 τοὶ
833 2034 938 2109 μὲν
982 2032 1050 2108 δή
1095 2031 1254 2092 ἄλλα
1294 2034 1426 2091 ἔσκε
1480 2032 1644 2107 κωφὸ
1688 2030 1831 2109 πρὸς
1872 2031 1912 2092 ἃ

303 2119 606 2199 προσίσχε,
637 2119 780 2181 κατοὶ
816 2121 876 2180 δὲ
904 2120 974 2182 τοὶ
1007 2119 1371 2199 ὀρυσσόμενα
1397 2119 1607 2199 ἦχεσκε
1634 2119 1667 2180 ὅ
1693 2120 1914 2199 χαλκός

301 2212 402 2284 τῆς
425 2207 683 2273 dom-[80³-
724 2208 1169 2286 ἀντορύσσοντες
1194 2208 1242 2269 δ’
1262 2208 1331 2269 ἂν
1354 2208 1529 2288 ταύτῃ
1556 2212 1609 2269 οἱ
1635 2212 1915 2288 Βαρκαῖοι

302 2296 539 2359 ἔκτεινον
560 2301 672 2359 τῶν
698 2298 967 2376 Περσέων
991 2297 1124 2361 τούς
1146 2299 1568 2379 γεωρυχέοντας.
1611 2301 1782 2357 τοῦτο
1807 2301 1914 2375 μὲν

301 2383 370 2460 δὴ
398 2384 541 2445 οὕτω
562 2386 835 2463 ἐξευρέθη·
876 2386 979 2450 τοὶς
1004 2386 1064 2445 δὲ
1089 2386 1434 2463 προσβολὰς
1453 2384 1831 2463 ἀπεκρούοντο
1857 2389 1914 2446 οἷ

208 2474 320 2532 201
343 2476 628 2551 Βαρκαῖοι.
715 2473 937 2553 Χρόνον
967 2475 1028 2534 δὲ
1059 2474 1129 2551 δή
1157 2474 1383 2536 πολλᾶν
1405 2475 1775 2551 τριβομένων,
1820 2476 1914 2534 καὶ

301 2560 616 2623 πιπτόντων
653 2560 986 2640 ἀμφοτέρων
1025 2566 1261 2623 πολλῶν
1302 2564 1395 2622 καὶ
1437 2561 1540 2624 οὖκ
1576 2588 1769 2638 ησσον
1800 2567 1914 2623 τῶν

303 2651 587 2727 Περσέων,
603 2649 856 2727 ’Ἄμασις
881 2650 913 2710 ὅ
942 2650 1261 2733 στρατηγὸς
1278 2655 1380 2712 τοῦ
1399 2653 1569 2723 πεζοῦ
1588 2655 1913 2730 μηχανᾶται

300 2736 504 2797 τοιάδε·
537 2737 733 2815 μαθῶν
756 2738 888 2802 τούς
907 2740 1235 2818 Βαρκαίους,
1266 2740 1337 2803 ὥς
1358 2738 1499 2799 κατὰ
1525 2741 1630 2817 μὲν
1655 2738 1723 2799 τὰ
1752 2744 1908 2819 ἰσχυ-

299 2847 405 2898 ρον
437 2849 538 2883 ουκ
573 2826 781 2902 αἶρετοι
819 2826 926 2886 εἶεν
962 2827 1110 2906 δόλω
1147 2827 1207 2886 δὲ
1239 2829 1466 2905 αἱρετοὶ,
1494 2828 1670 2887 ποιέει
1702 2828 1909 2888 τοιοίδε·

301 2910 495 2973 νυκτός
517 2911 738 2988 τάφρον
763 2912 963 2989 ὀρύξας
989 2914 1199 2993 εὗρέην,
1229 2917 1471 2976 ἐπέτεινε
1496 2915 1641 2985 ξύλα
1667 2914 1911 2975 οἷσθενέα

301 2992 441 3071 Ιὑπὲρ
474 2996 660 3072 αὐτῆς·
703 3000 1010 3078 κατύπερθε
1036 3003 1098 3061 δὲ
1096 3007 1425 3112 ἐπιπολῆς
1424 3006 1536 3064 τῶν
1563 3004 1748 3073 ξύλων
1771 3007 1912 3083 χοῦν

301 3082 407 3153 γῆς
442 3084 780 3159 ἐπεφόρησε,
815 3090 1020 3149 ποιέων
1048 3094 1123 3169 τῇ
1160 3089 1316 3171 αλλῃ
1347 3096 1425 3173 γῇ
1466 3092 1750 3154 ισόπεδον·
1794 3090 1915 3169 ἅμα

302 3158 482 3237 ἦμὲρῃ
518 3166 578 3223 δὲ
605 3173 660 3229 ἐς
655 3170 892 3278 λόγους
926 3179 1302 3251 προεκαλέετο
1327 3206 1459 3244 τους
1484 3179 1817 3258 Βαρκαίους·
1859 3183 1915 3239 οἷ

405 3244 713 3313 (ἵσταο-τως
745 3255 1087 3329 ὖπήκουσαν,
1132 3268 1189 3326 ἐς
1230 3265 1264 3325 ὅ
1307 3273 1420 3343 σφι
1461 3269 1588 3328 ἕαδε
1629 3268 1915 3349 ομολογίῃ
