2184 3517
214 91 302 153 viii
904 98 1230 151 LECTORI.

217 231 391 300 'prope
422 229 658 300 Tyanam
697 227 879 297 <hodie
915 228 1189 297 Danum),
1226 228 1377 284 unde
1411 227 1599 298 paucis
1634 229 1924 291 itineribus
1953 265 1974 280 *-

215 321 289 376 ad
311 307 503 391 portas
524 320 743 375 Cilicias
764 319 1101 389 pervenitur.
1153 319 1281 373 Non
1306 320 1411 373 alia
1428 320 1517 374 via
1539 336 1701 374 usum
1720 321 1923 389 Cyrum

204 413 487 483 juniorem
545 428 670 468 cum
729 401 1182 480 Mesopotamiam
1242 411 1528 465 invaderet
1584 414 1777 466 auctor
1835 415 1925 468 est

219 507 560 577 Xenophon3
610 505 1008 561 mercatoribus
1059 508 1264 574 autem,
1312 505 1419 559 nisi
1475 505 1674 576 quibus
1721 506 1926 573 Tarsus

216 601 342 655 finis
365 601 578 655 itineris
601 602 764 670 esset,
781 600 978 655 eadem
999 616 1196 670 parum
1219 602 1484 669 usurpata
1504 601 1741 656 videtur.
1814 601 1922 666 Qui

219 695 398 749 Tauro
423 693 658 749 ulterius
688 694 948 764 progredi
974 694 1032 748 in
1055 691 1244 749 animo
1265 694 1561 765 habebant,
1585 695 1623 748 ii
1644 694 1766 764 jam
1790 695 1926 751 inde

217 789 290 843 ab
333 783 552 843 Holmis
575 788 690 859 (qui
725 788 875 843 locus
909 789 968 843 in
1002 789 1275 859 Phrygiae
1309 789 1684 846 Paroreatidis
1721 790 1924 845 finibus

218 881 322 947 est)
361 880 584 950 paulum
619 880 694 935 ad
741 880 1182 950 Septentrionem
1227 897 1419 936 versus
1465 882 1576 937 iter
1615 882 1923 938 devertisse

217 973 491 1042 videntur,
545 990 655 1043 quo
708 976 884 1042 pacto,
938 973 1210 1043 Lycaonia
1257 974 1714 1045 Cappadociaque
1762 991 1922 1043 pera-

217 1068 405 1136 gratis,
447 1067 675 1122 tandem
722 1068 1060 1139 Euphratem
1098 1067 1325 1123 fluvium
1365 1085 1538 1140 prope
1577 1069 1921 1125 Samosatam

217 1160 585 1229 trajiciebant.

325 1252 478 1317 Quae
515 1252 587 1308 de
619 1251 872 1321 Scythiae
912 1254 1102 1309 incolis
1137 1255 1329 1309 narrat
1365 1253 1590 1323 Noster,
1623 1270 1690 1309 ea
1728 1253 1818 1310 vel
1864 1254 1922 1309 in

220 1342 396 1412 Olbia,
433 1346 536 1413 vel,
575 1345 726 1414 quod
769 1346 956 1415 potius
992 1346 1340 1416 crediderim,
1380 1348 1439 1402 in
1482 1348 1676 1418 Cyzico
1722 1349 1920 1404 audire

217 1436 412 1505 potuit.
471 1437 905 1509 Longinquiores
927 1431 1193 1508 regiones,
1219 1439 1411 1511 quales
1434 1440 1492 1494 in
1517 1444 1715 1511 quarto
1738 1442 1922 1511 operis

217 1527 361 1583 libro
408 1528 681 1595 describit,
719 1531 900 1601 ipsum
944 1531 1154 1601 visisse,
1194 1549 1355 1588 nemo
1392 1535 1694 1590 earundem
1740 1536 1920 1590 sciens

217 1623 578 1692 contenderit,
614 1622 720 1677 nisi
761 1622 857 1694 qui
903 1623 1072 1680 fidem
1119 1625 1314 1695 optimi
1361 1627 1648 1695 scriptoris
1695 1628 1919 1696 penitus

219 1714 551 1771 labefactare
583 1715 784 1783 cupiat.
