2184 3517
332 85 430 136 136
948 86 1317 138 ἨΡΟΔΟΤΟΤ

332 164 395 225 δὲ
453 169 509 229 ἐς
559 191 691 231 τους
749 166 970 243 Λίβυας
1028 170 1163 245 οἲχο
1161 167 1326 242 ἰε’νην
1376 165 1645 227 πελειάδα
1700 167 1936 249 λέγουσι

322 250 624 330 Αμμωνος
647 253 993 364 χρηστήριον
1014 259 1279 313 κελεῦσαι
1295 280 1426 318 τους
1440 256 1661 332 Λίβυας
1680 256 1905 314 ποιέειν·

339 342 461 400 ἔστι
508 340 568 400 δὲ
610 342 702 400 καὶ
739 345 905 401 τοῦτο
942 341 1096 405 Διός.
1182 342 1522 401 Δωδωναίων
1562 342 1621 401 δε
1667 345 1727 401 αἱ
1769 342 1937 420 ἱρήῖαι

340 430 473 510 (των
514 432 587 507 τῇ
628 429 997 508 πρεσβυτάτῃ
1044 428 1254 506 οὕνομα
1294 428 1364 505 ἦν
1408 419 1744 507 Προμένεια,
1772 433 1846 508 τῇ
1881 430 1939 489 δὲ

336 542 478 593 μετα
518 515 723 591 ταύτην
762 518 1059 594 Τιμαρέτη,
1100 520 1174 595 τῇ
1213 517 1274 576 δὲ
1320 516 1562 597 νεωτάτῃ
1610 516 1937 597 Νικάνδρη,)

338 604 535 685 ἔλεγον
572 608 764 663 ταῦτα·
814 604 1244 686 συνωμολόγεον
1285 604 1350 664 δέ
1386 611 1499 681 σφι
1541 605 1634 664 καὶ
1674 608 1729 665 οἱ
1769 603 1938 666 ἄλλοι

244 694 320 753 56
344 692 661 752 Δωδωναῖοι
687 693 741 752 οἱ
766 692 896 769 περὶ
918 691 985 751 τὸ
1008 692 1148 770 ἱρόν.
1203 691 1353 774 Ἐγώ
1377 691 1425 751 δ’
1446 694 1554 772 ἔχω
1579 692 1708 770 περὶ
1736 691 1938 754 αὐτέων

337 778 564 861 γνώμην
587 778 771 858 τήνδε·
814 783 862 838 εἰ
893 777 1142 855 ἆληθέως
1168 782 1224 839 οἷ
1255 781 1504 844 Φοίνικες
1540 780 1818 862 ἐξήγαγον
1842 779 1939 845 τὰς

341 866 461 946 {pote
484 870 762 947 γυναῖκας,
791 866 882 930 καὶ
906 865 1010 942 τήν
1043 869 1148 943 μὲν
1184 866 1390 950 αὐτέων
1417 873 1472 931 ἐς
1502 868 1727 945 Λιβύην
1752 868 1857 945 τήν
1882 869 1938 929 δὲ

340 960 396 1019 ἐς
432 955 536 1031 τήν
571 954 825 1015 Ἑλλάδα
859 953 1148 1026 ἀπέδοντο,
1177 955 1355 1015 δοκέει
1389 955 1514 1033 ἐμοὶ
1544 956 1583 1032 ἦ
1616 955 1759 1036 γυνὴ
1801 955 1938 1033 αὕτη

337 1047 439 1120 τῆς
458 1046 553 1103 νῦν
569 1043 847 1107 Ἑλλάδος
871 1042 1146 1121 πρότερον
1172 1043 1231 1102 δὲ
1251 1044 1583 1125 Πελασγίης
1602 1044 1940 1121 καλευμένης

339 1136 440 1208 τῆς
469 1132 638 1208 αὐτῆς
670 1130 872 1208 ταύτης
912 1132 1195 1208 πρηθῆναι
1233 1136 1288 1195 ε’ς
1324 1130 1710 1209 Θεσπρωτους,
1754 1133 1940 1191 ἔπειτα

344 1219 689 1280 δουλεύουσα
720 1218 914 1281 αὐτόθι
947 1218 1356 1295 ἱδρύσασθαι.ε
1322 1245 1434 1280 υπο
1471 1224 1636 1301 φηγῷ
1660 1219 1940 1298 πεφυκυΐῃ

343 1307 534 1372 Διος“
518 1307 653 1386 ιρόν·
697 1306 885 1383 ὥσπερ
922 1306 991 1381 ἦν
1027 1306 1178 1371 οἶκός
1213 1306 1773 1384 οἷμφιπολεύουσαν’
1746 1334 1806 1367 εν
1833 1307 1939 1383 Θή-

341 1396 534 1507 βῃσιε
518 1394 636 1473 ιρὸν
663 1393 817 1464 Διός,
846 1393 1040 1454 ἔνθα’
1004 1395 1236 1455 απίκετο
1263 1396 1497 1456 ἐνθαῦτα
1521 1394 1748 1474 μνήμην
1773 1395 1940 1456 αὐτοῦ

343 1484 507 1562 ἔχειν
563 1487 622 1541 ἔκ
664 1483 725 1541 δὲ
761 1481 976 1552 τούτου,
1016 1482 1364 1561 χρηστήριον
1404 1482 1782 1564 κατηγήσατο,
1824 1482 1945 1543 ε’πεί

342 1595 405 1630 τε
447 1571 734 1646 συνέλαβε
774 1570 878 1645 τὴν
916 1567 1172 1629 Ἐλλάδα
1212 1574 1509 1651 γλῶσσαν·
1568 1570 1745 1647 φάναι
1787 1570 1851 1629 δέ
1888 1574 1941 1631 οἱ

345 1656 629 1735 αδελφεην
664 1663 721 1717 ε’ν
746 1656 939 1736 Λιβύῃ
964 1657 1358 1735 πεπρῆσθαι
1325 1658 1435 1719 υπό
1472 1685 1582 1719 των
1608 1657 1788 1719 αὐτῶν
1813 1666 1939 1718 Φοι-

251 1746 325 1808 57
345 1747 521 1815 νίκων,
547 1744 638 1806 υπ’
677 1744 751 1805 ὧν
786 1747 878 1804 καὶ
914 1744 1053 1821 αὕτη
1096 1745 1330 1824 ἐπρήθη
1411 1745 1716 1809 Πελειάδες
1751 1745 1814 1806 δέ
1842 1773 1941 1823 μοι

345 1834 602 1894 δοκέουσι
649 1833 923 1909 κληθῆναι
967 1833 1110 1911 πρὸς
1163 1834 1499 1894 Δωδωναίων
1545 1835 1636 1893 ε’πὶ
1681 1834 1842 1894 τοῦδε
1884 1837 1941 1893 αἱ

342 1924 611 2002 γυναῖκες,
664 1921 804 1981 διότι
855 1920 1149 2000 βάρβαροι
1197 1920 1365 1997 ἦσαν·
1442 1920 1662 1982 ἐδόκεον
1716 1922 1780 1980 δέ
1831 1927 1941 1999 σφι

346 2008 546 2085 ὁμοίως
566 2008 748 2086 ὄρνισι
766 2010 1139 2091 φθέγγεσθαι·
1166 2010 1309 2086 μετοὶ
1329 2010 1388 2070 δὲ
1412 2009 1616 2089 χρόνον
1635 2009 1740 2086 τήν
1758 2015 1938 2070 πελει-

345 2096 452 2155 άδα
484 2095 802 2177 ἀνθρωπηίῃ
840 2102 999 2177 φωνῇ
1030 2097 1397 2169 αὐδάξασθαι,
1422 2096 1708 2180 [λέγουσι]
1737 2099 1862 2158 ε’πεί
1881 2124 1943 2159 τε

344 2184 549 2245 συνετά
575 2192 686 2262 σφι
710 2186 852 2262 ηὔδα
877 2185 915 2261 ἦ
939 2185 1100 2266 γυνή·
1144 2186 1241 2250 ἕως
1261 2185 1320 2246 δὲ
1341 2184 1703 2265 ἐβαρβάριζε,
1725 2185 1946 2263 ὄρνιθος

344 2269 555 2351 τρόπον
582 2274 764 2335 ἐδόκεέ
788 2279 901 2351 σφι
928 2274 1302 2356 φθέγγεσθαι.
1387 2274 1505 2334 ἐπεὶ
1530 2274 1635 2353 τέῳ
1660 2273 1850 2353 τρόπῳ
1878 2272 1945 2335 ἂν

343 2360 570 2426 πελειάς
586 2387 655 2444 γε
681 2360 999 2439 ἀνθρωπηίῃ
1021 2366 1181 2441 φωνῇ
1209 2361 1551 2443 φθέγξαιτο;
1593 2362 1867 2438 μέλαιναν
1887 2362 1945 2421 δὲ

345 2449 603 2530 λέγοντες
619 2449 756 2510 εἶναι
774 2447 879 2525 τήν
894 2449 1178 2519 πελειάδα,
1184 2450 1542 2561 σημαίνουσι
1563 2448 1649 2509 ὅτι
1665 2450 1943 2530 Αἰγυπτίη

346 2534 384 2611 ἦ
409 2538 549 2617 γυνὴ
575 2536 664 2614 ἦν.
744 2563 782 2613 η
812 2537 871 2596 δὲ
895 2537 1137 2614 μαντηΐη
1171 2536 1209 2613 ἥ
1240 2563 1302 2597 τε
1340 2542 1398 2597 ἐν
1424 2537 1660 2616 Θήβῃσι
1684 2541 1825 2616 τῇσι
1850 2542 1942 2597 Αἲ-

342 2625 614 2703 γυπτίῃσι
666 2624 758 2684 καὶ
811 2629 869 2684 ἐν
906 2624 1146 2704 Δωδώνῃ
1199 2624 1597 2703 παραπλήσιαι
1649 2622 1946 2704 ἀλλήλῃσι

342 2711 685 2816 τυγχάνουσι
716 2715 926 2772 ἐοῦσαι·
970 2712 1092 2772 ἔστι
1125 2713 1184 2773 δὲ
1216 2713 1309 2773 καὶ
1337 2716 1448 2773 τῶν
1477 2715 1606 2791 ἷρων
1631 2710 1671 2789 ἤ
1705 2713 1944 2791 μαντικὴ

345 2824 427 2857 απ
468 2798 753 2880 Αἰγύπτου
779 2799 1076 2882 ἀπιγμένη.

250 2887 327 2944 58
428 2887 748 2967 Πανηγύρις
788 2887 847 2946 δὲ
886 2887 996 2965 ἄρα
1036 2887 1129 2948 καὶ
1166 2888 1397 2965 πομπαῖς
1438 2890 1531 2949 καὶ
1569 2887 1948 2971 προσαγωγὰς

343 2976 554 3049 πρῶτοι
606 2973 908 3051 ἀνθρώπων
954 2976 1258 3057 Αἰγύπτιοί
1294 2982 1407 3036 εἰσι
1453 2980 1507 3037 οἱ
1553 2977 1946 3054 ποιησάμενοι·

346 3059 438 3117 καὶ
462 3060 615 3139 παρὰ
644 3061 851 3122 τούτων
873 3062 1153 3139 Ἕλληνες
1183 3063 1566 3141 μεμαθήκασι.
1645 3065 1951 3142 τεκμήριον

348 3141 410 3200 δέ
431 3169 531 3218 μοι
554 3148 754 3207 τούτου
780 3149 927 3208 τόδε·
970 3176 1029 3209 αι
1053 3176 1159 3227 μεν
1183 3150 1295 3232 γοῖρ
1318 3151 1662 3226 φαίνονται’
1636 3177 1696 3211 εκ
1723 3155 1952 3212 πολλοῦ

346 3251 441 3311 τευ
493 3231 698 3307 χρόνου
749 3260 1085 3311 ποιευμεναι,
1141 3240 1202 3296 αἱ
1254 3238 1315 3296 δὲ
1358 3237 1693 3315 Ἑλληνικαὶ
1746 3239 1955 3328 νεωστὶ
