2184 3517
205 121 295 179 31,
328 117 416 182 32]
889 112 1222 166 affirm.
1720 117 1821 170 12³

208 198 454 267 Νείλου,
496 194 568 259 ὥς
607 193 785 259 οὐδεὶς
823 192 997 255 αὐτοῦ
1042 194 1158 256 οἶδε
1202 193 1305 259 τοὶς
1341 193 1547 276 πηγάς·
1592 194 1689 255 καὶ
1723 194 1826 258 τόν

211 284 527 363 Ἐτέαρχον
547 281 723 358 φάναι
749 283 937 343 ἐλθεῖν
964 307 1090 344 κοτε
1116 281 1248 360 παρ’
1267 280 1439 343 αὐτὸν
1464 287 1827 361 Νασαμῶνας

210 372 441 449 ἄνδρας·
469 371 560 452 (τὸ
588 371 648 429 δὲ
674 371 829 433 ἔθνος
854 369 1020 430 τοῦτό
1041 375 1167 430 ἐστι
1192 372 1295 447 μὲν
1314 371 1587 446 Λιβυκὸν,
1604 370 1829 447 νέμεται

211 460 278 520 δὲ
305 459 412 535 τήν
435 458 636 535 Σύρτιν
654 484 717 519 τε
739 458 839 516 ’καὶ
862 456 966 533 τὴν
985 457 1129 535 πρός
1152 456 1236 533 ἠῶ
1258 455 1447 536 χώρην
1467 461 1569 534 τῆς
1596 459 1828 537 Σύρτιος

212 546 323 607 οὖκ
357 547 450 606 ἐπὶ
479 544 748 626 πολλόν)
789 544 1156 622 ἀπικομένους
1187 545 1249 605 δὲ
1282 545 1413 609 τούς
1450 551 1826 624 Νασαμῶνας,

213 635 318 694 καὶ
359 634 788 713 εἷρωτεωμένους
829 634 881 692 εἴ
915 658 972 693 τι
1011 633 1210 712 ἔχουσι
1250 633 1429 694 πλέον
1473 634 1662 715 λέγειν
1701 637 1830 713 περὶ

208 726 333 783 τῶν
358 721 575 799 ἐρήμων
600 725 701 797 τῆς
720 719 958 798 Λιβύης,
981 720 1160 797 φάναι
1183 721 1338 799 παρὰ
1363 722 1541 799 σφίσι
1564 724 1831 803 γενέσθαι

213 808 437 888 α’νδρῶν
474 809 788 870 δυναστέων
822 809 1025 873 παῖδας
1063 807 1364 886 ὖβριστοίς·
1404 808 1535 875 τοῦς
1573 809 1730 871 ἄλλα
1767 836 1831 873 τε

212 898 591 977 μηχανᾶσθαι
626 896 1000 973 ἀνδρωθέντας
1032 897 1304 976 περισσοὶ,
1338 899 1430 958 καὶ
1464 899 1533 975 δὴ
1567 899 1660 959 καὶ
1691 898 1829 961 ἄπο-

215 990 517 1063 κληρῶσαι
568 985 733 1046 πέντε
778 988 990 1045 ἑωυτῶν
1031 983 1344 1063 ὀψομένους
1382 986 1456 1047 *ta*
1505 991 1685 1065 ἐρῆμα
1728 992 1831 1065 τῆς

214 1073 463 1151 Λιβύης,
506 1073 599 1133 καὶ
639 1074 691 1133 εἴ
726 1099 784 1134 τι
822 1073 1000 1133 πλέον
1039 1074 1210 1134 ἴδοιεν
1242 1077 1355 1134 τῶν
1394 1074 1466 1133 τοὶ
1503 1074 1830 1152 μακρότατα

218 1162 509 1239 ἰδομένων.
564 1164 687 1242 (τῆς
706 1159 816 1242 γοὶρ
837 1160 1059 1238 Λιβύης
1077 1161 1150 1222 τὰ
1174 1163 1279 1240 μὲν
1301 1161 1442 1222 κατὰ
1458 1161 1562 1238 τήν
1587 1164 1833 1241 βορηίην

214 1250 547 1320 θάλασσαν,
568 1247 663 1309 ἀπ’
682 1248 969 1331 Αἰγύπτου
995 1247 1299 1328 ἀρξάμενοι
1322 1250 1493 1329 μέχρι
1520 1249 1830 1316 Σολόεντος

211 1338 410 1417 ἄκρης,
435 1336 476 1417 ᾗ
501 1338 756 1399 τελευταὶ
787 1341 890 1413 τῆς
920 1337 1160 1414 Λιβύης,
1187 1337 1510 1416 παρήκουσι
1540 1337 1695 1416 παρὰ
1719 1343 1828 1399 πᾶ·-

212 1451 338 1487 σαν
359 1426 747 1503 Λίβυες-καὶ
771 1424 1003 1503 Λιβύων
1030 1425 1190 1502 ἔθνεα
1212 1425 1663 1503 πολλά,-πλὴν
1688 1427 1829 1490 ὅσον

214 1513 491 1591 Έλληνες
518 1515 612 1574 καὶ
636 1514 885 1578 Φοίνικες
911 1515 1128 1593 ἔχουσι·
1168 1512 1241 1574 τοὶ
1268 1514 1329 1574 δὲ
1360 1514 1501 1593 ὖπὲρ
1528 1514 1831 1593 θαλάσσης

124 1679 133 1684 ,
212 1628 284 1664 τε
315 1604 409 1663 καὶ
437 1607 548 1664 τῶν
575 1603 666 1663 ἐπὶ
699 1603 1006 1664 θάλασσαν
1033 1600 1383 1678 κατηκόντων
1408 1603 1727 1681 ἀνθρώπων,
1754 1604 1827 1665 τὰ

214 1690 533 1769 κατύπερθε
558 1691 830 1769 θηριώδης
864 1690 987 1751 ἐστὶ
1011 1689 1051 1767 ἦ
1077 1688 1292 1767 Λιβύη·
1330 1690 1404 1751 τοὶ
1432 1691 1491 1750 δὲ
1517 1690 1828 1769 κατύπερθε

213 1784 325 1856 τῆς
359 1778 669 1857 θηριώδεος,
698 1778 931 1857 ψάμμος
964 1778 1031 1838 τέ
1065 1782 1191 1839 ἐστι
1227 1777 1321 1837 καὶ
1354 1776 1585 1856 ἄνυδρος
1620 1779 1823 1852 δεινῶς,

217 1868 319 1928 καὶ
345 1872 551 1945 ἐρῆμος
581 1866 845 1949 πάντων.)
912 1866 1034 1926 ἐπεὶ
1066 1864 1144 1926 ὧν
1169 1864 1302 1930 τοῦς
1326 1867 1543 1943 νεηνίας
1574 1865 1826 1945 α’ποπεμ·

214 1957 501 2032 πομένους
535 1953 648 2016 aar&
683 1958 793 2015 τῶν
826 1952 1053 2029 ἡλίκων,
1079 1953 1253 2014 ὕδασί
1281 1979 1345 2015 τε
1379 1955 1472 2015 καὶ
1498 1956 1736 2016 σιτίοισι
1765 1954 1827 2016 εὖ

217 2043 638 2120 ἐξηρτυμένους,
657 2042 795 2103 ἴέναι
818 2042 890 2102 ταῖ
908 2044 1102 2119 πρῶτα
1126 2043 1230 2119 μὲν
1256 2040 1349 2102 8ιοῖ
1372 2046 1475 2120 τῆς
1494 2045 1826 2120 οἰκεομένης,

213 2131 428 2208 ταύτην
455 2131 516 2190 δὲ
550 2128 936 2200 διεξελθόντας
971 2134 1027 2194 ἐς
1057 2129 1164 2206 τήν
1200 2130 1471 2207 θηριώδεα
1506 2128 1825 2202 ἀπικέσθαι,

216 2225 284 2280 ἐκ
312 2219 373 2279 δὲ
404 2217 609 2295 ταύτης
638 2217 743 2294 τήν
769 2220 977 2294 ἐρῆμον
1002 2217 1256 2288 διεξιέναι
1279 2216 1385 2293 τήν
1410 2216 1545 2279 ὁὸὃν
1565 2211 1827 2295 ’ποιευμέ-

214 2333 351 2371 νους
391 2306 535 2384 πρὸς
574 2307 817 2383 ζέφυρον
850 2304 1074 2383 ἄνεμον·
1118 2304 1503 2374 διεξελθόντας
1542 2304 1605 2365 δὲ
1643 2309 1828 2384 χῶρον

213 2395 447 2457 πολλὸν
473 2393 785 2474 ψαμμώδεα
819 2393 911 2453 καὶ
942 2397 1000 2454 ἐν
1031 2396 1292 2472 πολλῇσι
1318 2391 1565 2473 ἡμέρῃσι
1598 2392 1730 2453 ἰδεῖν
1755 2392 1827 2470 δή

217 2510 354 2546 κοτε
397 2484 621 2561 δένδρεα
653 2487 712 2543 ἐν
740 2482 908 2562 πεδίῳ
939 2481 1251 2558 πεφυκότα·
1295 2482 1393 2541 καί
1427 2489 1613 2558 σφεας
1651 2506 1829 2559 προσ-

218 2571 498 2636 ελθόντας
530 2571 813 2633 ἅπτεσθαι
853 2574 955 2632 τοῦ
995 2569 1254 2635 ἐπεόντος
1295 2570 1389 2630 ἐπὶ
1419 2574 1530 2633 τῶν
1565 2570 1828 2649 δενδρέων

219 2664 465 2741 καρποῦ·
493 2661 864 2737 ἁπτομένοισι
884 2660 946 2720 δέ
959 2665 1073 2736 σφι
1090 2660 1347 2721 ἐπελθεῖν
1362 2657 1562 2738 ἄνδρας
1580 2658 1827 2738 μικροῦς,

221 2751 467 2829 μετρίων
484 2748 809 2813 ἐλάσσονας
827 2747 1056 2826 ἀνδρῶν,
1072 2747 1360 2825 λαβόντας
1375 2748 1435 2808 δὲ
1454 2747 1609 2829 ἄγειν
1625 2748 1828 2825 σφέας·

219 2841 419 2916 φωνῆς
452 2837 514 2897 δὲ
552 2835 678 2897 οὔτε
713 2861 771 2897 τι
802 2839 904 2913 τῆς
941 2836 1158 2898 ἐκείνων
1186 2836 1316 2901 τούς
1351 2840 1712 2914 Νασαμῶνας
1744 2861 1828 2917 γι-

220 2926 463 2988 νώσκειν
501 2923 629 2986 οὔτε
667 2923 798 2989 τούς
833 2923 1070 3005 ἄγοντας
1104 2928 1213 2985 τῶν
1249 2924 1635 3002 Νασαμώνων·
1676 2922 1833 3003 ἄγειν

217 3041 288 3077 τε
327 3014 400 3091 δὴ
442 3012 647 3077 αὐτοῦς
685 3012 753 3073 δι’
782 3014 951 3074 ἑλέων
989 3013 1289 3094 μεγίστων,
1317 3012 1409 3072 καὶ
1448 3009 1832 3081 διεξελθόντας

220 3106 405 3165 ταῦτα
429 3101 736 3163 ἀπικέσθαι
763 3105 820 3165 ἐς
851 3101 1021 3162 πόλιν
1048 3106 1109 3162 ἐν
1132 3103 1204 3178 τῇ
1228 3098 1475 3162 ἅπαντας
1506 3098 1646 3158 εἶναι
1676 3101 1832 3158 τοῖσι

219 3189 433 3272 ἄγουσι
463 3190 531 3251 τό
563 3190 810 3271 μέγαθος
842 3190 1017 3259 ἴσους,
1045 3189 1247 3268 χρῶμα
1277 3185 1339 3245 δὲ
1369 3187 1637 3265 μέλανας·
1679 3185 1833 3263 παραὶ

219 3279 287 3341 δὲ
323 3277 433 3355 τήν
473 3277 646 3341 πόλιν
685 3278 831 3355 ῥέειν
876 3275 1133 3355 ποταμόν
1176 3274 1375 3353 μέγαν·
1428 3274 1573 3348 ῥέειν
1614 3274 1675 3334 δὲ
1714 3271 1828 3334 ‹in-6
