2184 3517
253 152 486 221 εις-69]
917 157 1245 208 mmmn.
1775 164 1875 215 141

250 235 368 316 γὰρ
399 235 483 295 οἷοὶ
511 241 571 296 ἐν
588 239 666 317 γῇ
694 237 786 295 καὶ
814 236 1055 307 ἐκλέπει,
1079 240 1172 297 καὶ
1196 239 1265 299 τὰ
1291 236 1516 300 πολλὸν
1539 242 1642 317 τῆς
1666 239 1877 320 ἤμέρης

252 323 540 400 διατρίβει
583 329 642 383 ἐν
682 328 760 403 τῷ
802 325 963 404 ξηρῷ,
995 325 1101 401 τήν
1144 326 1204 386 δὲ
1246 326 1419 388 νύκτα
1461 332 1656 389 πᾶσαν
1700 335 1757 390 ἐν
1799 335 1877 411 τῷ

250 416 514 490 ποταμῷ·
576 412 912 490 θερμότερον
950 413 1062 495 γοῖρ
1105 414 1175 491 δή
1216 419 1341 475 ἐστι
1379 415 1448 476 vd
1490 416 1633 494 ὕδωρ
1672 422 1775 493 τῆς
1812 444 1875 480 τε

249 501 478 577 αἰθρίης
506 500 599 559 καὶ
623 504 725 576 τῆς
752 500 979 578 δρόσου.
1059 502 1282 563 πάντων
1308 503 1368 562 δὲ
1394 507 1504 564 τῶν
1529 504 1692 581 ἤμεῖς
1717 505 1875 583 ἴδμεν

249 588 475 665 θνητῶν
501 593 669 649 τοῦτο
696 588 760 658 ἐξ
779 591 1087 669 ἐλαχίστου
1113 591 1389 672 μέγιστον
1412 592 1643 673 γίνεται·
1674 593 1747 654 τοὶ
1771 597 1875 672 μὲν

244 675 363 756 γοὶρ
396 674 479 735 ὦαῖ
505 675 720 756 χηνέων
747 674 812 735 οὗ
847 681 1049 756 πολλῷ
1083 678 1295 755 μέζονα
1320 679 1508 750 τίκτει,
1532 682 1624 740 καὶ
1652 680 1685 742 ὁ
1712 708 1872 744 νεοσ-

246 762 360 827 aas·
402 763 548 824 κατὰ
586 763 763 844 λόγον
800 767 902 824 τοῦ
944 764 1053 825 ὦοῦ
1092 767 1326 847 γίνεται·
1395 767 1771 846 αὐξανόμενος
1809 772 1871 831 δὲ

244 853 468 933 γίνεται
509 853 602 911 καὶ
643 857 698 916 ἐς
738 853 1105 913 ἑπτακαίδεκα
1144 854 1378 934 πήχεας,
1417 857 1510 915 καὶ
1547 857 1729 934 μέζων
1769 859 1868 919 ἔτι·

246 937 370 1019 ἔχέι
398 941 462 1000 δὲ
489 939 825 1018 ὄφθαλμούς
848 944 954 1017 μὲν
979 941 1094 1011 ὗὸς,
1121 941 1354 1008 ὀδόντας
1380 944 1440 1004 δὲ
1465 945 1750 1026 μεγάλους
1775 948 1870 1007 καὶ

241 1028 678 1107 χαυλιόδοντας,
722 1029 864 1089 καταῖ
905 1029 1083 1111 λόγον
1122 1035 1226 1091 τοῦ
1267 1030 1548 1109 σώματος·
1589 1038 1870 1114 γλῶσσαν

243 1116 306 1175 δὲ
337 1121 555 1193 μοῦνον
587 1118 792 1196 θηρίων
824 1117 925 1178 οὖκ
966 1120 1166 1195 ἔφυσε·
1221 1119 1348 1179 οὐδὲ
1378 1120 1483 1196 τήν
1524 1120 1671 1181 κάτω
1704 1121 1870 1183 κινέει

239 1204 481 1287 γνάθον,
536 1204 694 1265 ἀλλὰ
748 1206 840 1265 καὶ
890 1209 1060 1267 τοῦτο
1101 1210 1311 1284 μοῦνον
1353 1208 1558 1285 θηρίων
1609 1208 1714 1285 τήν
1754 1209 1868 1270 ἅνω

239 1293 466 1401 γναῖθον
491 1292 770 1375 προσάγει
794 1298 868 1374 τῇ
895 1294 1062 1354 κάτω·
1098 1297 1212 1374 ἔχει
1239 1295 1299 1355 δὲ
1326 1296 1420 1356 καὶ
1446 1293 1650 1376 ὄνυχας
1677 1323 1865 1375 καρτε-

238 1407 384 1458 ρους
410 1382 506 1441 καὶ
540 1381 717 1459 δέρμα
752 1382 1145 1453 λεπιδωτόν,”
1109 1408 1384 1460 αρρηκτον
1410 1384 1502 1443 ἐπὶ
1535 1388 1638 1444 τοῦ
1670 1385 1864 1446 νιίτου·

239 1469 479 1546 τυφλον
504 1469 617 1529 δὲ’
591 1496 650 1530 εν
674 1469 906 1540 ὕδατι,’
879 1495 937 1531 εν
963 1470 1023 1530 δὲ
1058 1475 1132 1549 τῇ
1164 1472 1350 1550 αἰθρίῃ
1377 1469 1858 1551 ὀξυδερκέστατον.

240 1583 344 1617 ατε
390 1556 464 1633 δη
506 1556 581 1617 ὧν
621 1561 680 1618 ἐν
718 1556 877 1618 ὕδατι
917 1558 1150 1619 δίαιταν
1173 1558 1521 1637 ποιεύμενον,
1562 1560 1628 1620 τό
1672 1561 1876 1640 στόμα·

241 1645 472 1707 ἔνδοθεν
512 1645 707 1723 φορέει
745 1650 861 1706 πᾶν
897 1672 1113 1724 μεστον
1151 1647 1463 1723 βδελλέων.
1542 1675 1615 1709 τα
1653 1652 1758 1726 μὲν
1792 1650 1862 1727 δη

239 1732 465 1792 ἅλλα”
429 1759 597 1810 ορνεα
617 1760 709 1792 και
688 1733 897 1811 θηρία
917 1732 1115 1816 φεύγει
1140 1760 1255 1811 μιν·
1285 1764 1316 1796 ο
1301 1735 1399 1795 δὲ
1424 1738 1689 1817 τροχίλος
1717 1741 1857 1815 εἰρη-

238 1821 404 1883 ναῖόν
433 1826 489 1882 οἱ
516 1823 642 1882 ἐστὶ
662 1821 762 1882 ἅτε
788 1822 1157 1903 ὥφελεομένω
1176 1824 1318 1902 πρός
1344 1823 1532 1885 αὐτοῦ·
1563 1824 1731 1886 ἐπεὰν
1749 1826 1862 1907 γάρ

240 1914 299 1974 ἐς
337 1909 446 1987 τὴν
486 1914 596 1992 γῆν
632 1912 779 1989 ἐκβῇ
811 1916 873 1970 ἐκ
911 1915 1014 1971 τοῦ
1053 1911 1318 1975 υδατος“
1283 1939 1316 1973 ο
1353 1912 1724 1990 κροκόδειλος,
1767 1915 1860 1973 καὶ

239 2001 439 2059 ἔπειτα
491 1999 872 2078 χᾶνῃ,--ἔωθε
921 1999 1033 2081 γοὶρ
1072 2004 1243 2061 τοῦτο
1288 2000 1359 2066 οἷς
1405 2003 1610 2062 ἐπίπαν
1656 2001 1865 2063 ποιέειν

236 2087 386 2165 πρὸς
410 2086 516 2148 τᾶν
552 2088 1135 2165 ζέφυρον,-ἐνθαῦτα
1166 2087 1200 2148 ὅ
1235 2091 1501 2168 τροχίλος
1536 2089 1779 2150 ἐσδύνων
1804 2096 1862 2154 ἐς

235 2175 307 2236 τό
346 2174 542 2252 στόμα
573 2174 743 2235 αὐτοῦ
780 2177 1067 2236 καταπίνει
1106 2176 1207 2241 τὰς
1246 2177 1517 2253 βδέλλας,
1555 2177 1588 2237 ὅ
1621 2177 1682 2236 δὲ
1713 2176 1855 2254 ὤφε-

233 2263 512 2340 λεύμενος
564 2262 755 2340 ἥδεται
803 2264 897 2323 καὶ
951 2263 1110 2325 οὐδὲν
1151 2265 1367 2324 σίνεται
1419 2264 1519 2325 τόν
1564 2267 1855 2343 τροχίλον.

234 2355 409 2412 Τοῖσι
435 2354 541 2429 μὲν
559 2350 629 2428 δή
654 2354 766 2411 τῶν
786 2351 1105 2433 Αἰγυπτίων
1133 2352 1249 2429 ἱροί
1270 2355 1382 2412 εἰσι
1409 2354 1463 2410 οἳ
1489 2351 1851 2429 κροκόδειλοι,
1873 2356 1948 2415 69

233 2444 396 2501 τοῖσι
437 2439 487 2499 δ’
515 2438 597 2509 ου,
634 2437 767 2499 ἄλλ’
791 2438 891 2500 ἅτε
929 2441 1236 2518 πολεμίους
1276 2440 1764 2517 περιέπουσι.οἰ
1796 2441 1857 2501 δὲ

234 2529 376 2605 περί
395 2553 461 2588 τε
487 2528 691 2605 Θήβας
716 2554 810 2587 και
834 2526 942 2603 τήν
966 2529 1204 2606 Μοίριος
1231 2529 1437 2605 λίμνην
1463 2528 1734 2592 οἰκέοντες
1761 2530 1855 2589 καὶ

236 2616 420 2694 κάρτα
460 2614 699 2697 ἥγηνται
751 2642 953 2680 αυτους
993 2615 1196 2677 εἶναι’
1177 2616 1345 2693 ιρούς.
1430 2621 1491 2676 ἐκ
1530 2615 1754 2679 πάντων
1794 2617 1855 2678 δὲ

237 2705 336 2765 ἕνα
391 2703 643 2781 εκάτεροι
695 2704 1003 2782 τρέφουσι
1029 2704 1402 2782 κροκόδειλον,
1460 2706 1853 2788 δεδιδαγμένον

237 2793 381 2853 εἶναι
404 2793 723 2872 χειροήθεα·
793 2791 1090 2869 ἀρτήματά
1114 2818 1178 2852 τε
1210 2794 1399 2854 λίθινα
1425 2794 1571 2874 χυτοὶ
1598 2797 1692 2855 καὶ
1717 2793 1851 2873 χρύ-

236 2906 348 2942 σεα
402 2886 459 2944 ἐς
496 2879 571 2941 τοὶ
611 2880 725 2940 ὦτα
766 2880 1026 2950 ἐνθέντες,
1082 2879 1175 2940 καὶ
1228 2879 1508 2958 ἀμφιδέας
1555 2884 1684 2960 περὶ
1722 2880 1852 2944 τοῦς
1894 2883 1899 2887 ’

235 2970 552 3047 προσθίους
589 2967 781 3038 πόδας,
816 2968 909 3027 καὶ
950 2969 1108 3029 σιτία
1147 2967 1437 3029 α’πότακτα
1478 2968 1718 3032 διδόντες
1758 2968 1851 3027 καὶ

240 3058 410 3135 ἱρήῖα,
446 3056 542 3116 καὶ
579 3056 934 3134 περιέποντες
974 3056 1046 3120 ὥς
1087 3055 1376 3116 κάλλιστα
1417 3056 1670 3127 ζώοντας,
1698 3054 1848 3114 ἀπο·

238 3146 513 3210 θανόντας
537 3144 598 3205 δὲ
622 3143 1009 3222 ταριχεύοντες
1041 3144 1376 3209 θάπτουσι’
1350 3170 1409 3204 εν
1437 3146 1594 3222 ιρῇσι
1621 3141 1847 3220 θήκῃσι.

239 3237 294 3296 οἶ
318 3234 380 3295 δε
405 3260 539 3313 περι
516 3233 962 3310 Ἐλεφαντίνην
980 3231 1154 3291 πόλιν
1174 3231 1445 3295 οἰκέοντες
1471 3231 1563 3288 καὶ
1589 3230 1848 3290 ἐσθίουσι

237 3322 455 3393 αὖτους,
484 3321 586 3383 οὖκ
616 3321 914 3402 ἡγεόμενοι
950 3318 1102 3395 ἶρους
1134 3317 1290 3377 εἶναι.
1374 3318 1669 3377 καλέονται
1699 3317 1759 3376 δε
1784 3314 1849 3374 οὗ
