2184 3517
138 1009 285 1156 Ᾰ,

282 111 349 156 54
906 109 1274 161 ἨΡΟΔΟΤΟΤ
1809 107 1883 171 [L

282 181 372 258 ἦν·
413 185 582 264 χωρὶς
618 188 724 264 μὲν
753 185 875 269 γάρ’
900 187 1106 266 φόρων,
1140 187 1456 270 (ἔπρησσον
1488 185 1603 268 γάρ
1642 184 1891 247 ἑκάστων

284 270 351 332 τὰ
370 272 672 352 ,ἑκάστοισι
699 274 1061 353 ε’πιβάλλον,)
1088 275 1344 354 χωρὶς,ὃὲ
1373 277 1476 336 τοῦ
1504 272 1687 351 φόρου
1711 272 1890 351 ἥρπα-

284 360 380 430 ζον
412 361 863 438 περιελαύνοντες
894 368 1062 423 τοῦτο
1097 363 1129 424 ὅ
1164 388 1222 423 τι
1256 364 1435 441 ἔχοιεν
1470 363 1717 422 ἔκαστοι.
1797 363 1891 422 καὶ

283 447 493 509 τούτων
531 452 636 526 μὲν
673 448 803 513 τοῦς
841 454 1086 514 πλεῦνας
1127 449 1427 527 Κυαξάρης
1462 475 1527 510 τε
1566 450 1660 508 καὶ
1699 450 1892 525 Μῆδοι

286 535 622 606 ξεινίσαντες
661 539 754 597 καὶ
794 538 1281 616 καταμεθύσαντες
1320 536 1755 614 κατεφόνευσαν·
1798 538 1891 598 καὶ

287 623 427 684 οὕτω
461 623 821 687 ἀνεσώσαντο
851 625 955 702 τήν
988 625 1171 705 ἀρχὴν
1206 625 1399 702 Μῆδοι
1434 625 1528 685 καὶ
1563 624 1892 703 ἐπεκράτεον

282 715 393 772 τῶν
411 737 518 789 περ
544 713 638 772 καὶ
661 711 951 793 πρότερον·
991 715 1085 774 καὶ
1109 713 1214 790 τήν
1236 739 1300 774 τε
1324 717 1503 778 Νῖνον
1529 712 1697 792 εἶλον,
1718 712 1813 792 (ὥς
1830 713 1892 773 δὲ

288 798 512 871 εἷλον,’
485 826 544 860 εν
576 801 818 878 ἑτέροισι
843 800 1074 884 λόγοισι
1105 800 1383 882 ὃηλῶσω,)
1413 801 1506 861 καὶ
1529 799 1659 864 τοῦς
1681 800 1893 861 Ἀσσυ-

224 887 436 964 ρίους
464 886 870 967 ὑποχειρίους·’
843 889 1185 965 εποιήσαντο
1217 889 1373 965 πλὴν
1396 893 1499 965 τῆς
1524 890 1893 965 Βαβυλωνίης

282 975 500 1053 μοίρης·
541 976 684 1053 μετὰ
720 976 782 1036 δὲ
813 981 1007 1048 ταῦτα,
1042 976 1342 1054 Κυαξάρης
1375 979 1497 1054 μὲν,
1532 975 1894 1053 βασιλεύσας

268 1061 703 1140 τεσσεράκοντα
729 1066 853 1125 ἔτεα
877 1091 986 1126 συν
1008 1070 1164 1127 τοῖσι
1190 1064 1403 1130 Σκύθαι
1426 1063 1616 1142 ἦρξαν,
1636 1068 1890 1144 τελευτᾷ.

138 1131 308 1211 107
328 1149 647 1212 Ἐκδέκεται
671 1152 733 1212 δὲ
757 1151 1077 1235 Ἀστυάγης
1103 1152 1410 1231 Κυαξάρεω
1434 1155 1568 1215 παῖς
1591 1150 1696 1228 τὴν
1717 1154 1892 1228 βασι-

283 1239 469 1316 ληιην·
503 1240 601 1299 καί
622 1243 677 1301 οἶ
703 1242 920 1322 ἐγένετο
948 1240 1198 1323 θυγάτηρ
1215 1245 1289 1320 τῇ
1315 1238 1526 1317 οὕνομα
1553 1240 1710 1300 ἔθετο
1733 1246 1893 1301 Μαν-

284 1326 474 1403 δάνην·
512 1327 619 1404 τήν
666 1328 847 1388 ἐδόκεε
885 1327 1207 1410 Ἀστυάγης
1246 1334 1306 1388 ἑν
1343 1332 1422 1406 τῷ
1458 1327 1612 1406 ὕπνῳ
1652 1327 1893 1405 σι’ρῆσαι

281 1419 559 1474 τοσοῦτον
594 1413 740 1475 ὥστε
777 1418 1004 1491 πλῆσαι
1041 1419 1149 1491 μὲν
1180 1413 1285 1490 τὴν
1322 1417 1523 1474 ἑωυτοῦ
1554 1414 1740 1486 πόλιν,
1775 1420 1894 1475 ε’πι-

285 1502 635 1563 κατακλύσαι
668 1503 728 1562 δὲ
768 1503 862 1562 καὶ
899 1501 1004 1579 τὴν
1033 1502 1239 1579 Ἀσίην
1267 1507 1482 1563 πᾶσαν·
1520 1500 1895 1580 ὑπερθέμενος

282 1589 344 1649 δὲ
372 1594 484 1650 τῶν
513 1588 710 1671 μάγων
732 1593 887 1651 τοῖσι
918 1588 1335 1669 ὀνειροπόλοισι
1363 1589 1432 1651 τό
1463 1587 1731 1662 ἐνύπνιον,
1758 1594 1893 1668 ἐφο-

279 1674 440 1754 βήθη
463 1677 595 1756 παρ’
621 1677 800 1739 αὐτῶν
824 1677 966 1739 αὐτοὶ
991 1679 1203 1738 ἕκαστα
1233 1676 1450 1755 μαθών.
1516 1675 1660 1754 μετὰ
1685 1677 1761 1749 δὲ,
1787 1677 1894 1755 τήν

282 1764 587 1844 Μανδάνην
609 1764 831 1842 ταύτην,
853 1770 1058 1828 ἐοῦσαν
1081 1765 1190 1843 ἤδη
1215 1764 1413 1844 άνδρός
1437 1764 1660 1844 ὦραίην,
1680 1765 1893 1842 Μήδων

282 1854 388 1931 μὲν
418 1858 531 1915 τῶν
562 1856 761 1914 ἑωυτοῦ
792 1852 962 1924 οἷξίων
991 1853 1173 1915 οὐδενὶ
1204 1853 1350 1914 διδοῖ
1372 1856 1612 1935 γυναῖκα
1638 1853 1893 1918 δεδοικὼς

283 1938 389 2017 τήν
406 1939 557 2019 ὄψιν·
584 1941 617 2003 ὅ
642 1941 704 2001 δὲ
728 1945 931 2021 Πέρσῃ
951 1942 1098 2002 διδοῖ
1116 1946 1196 2024 τῷ
1220 1939 1432 2018 οὕνομα
1455 1939 1527 2018 ἦν
1547 1940 1889 2018 Καμβύσης,

279 2027 380 2089 τᾶν
406 2027 628 2106 εὕρισκε
654 2029 830 2106 οἰκίης
858 2033 963 2107 μὲν
988 2029 1152 2091 ε’όντα
1178 2029 1396 2110 οἶγαθῆς
1427 2027 1640 2106 τρόπου
1668 2030 1729 2089 δὲ
1751 2029 1891 2106 ἠσυ-

279 2116 424 2194 χίου,
445 2120 647 2196 πολλῷ
667 2118 850 2195 ἔνερθε
875 2116 1025 2199 ἄγων
1043 2116 1215 2178 αύτόν
1236 2118 1419 2195 μέσου
1444 2116 1642 2195 ἀνδρὸς
1665 2116 1889 2194 Μήδου.

192 2205 304 2263 108
322 2203 724 2281 Συνοικεούσης
769 2205 831 2265 δὲ
873 2210 952 2284 τῷ
997 2204 1298 2285 Καμβύσῃ
1341 2209 1444 2282 τῆς
1490 2203 1807 2281 Μανδάνης,
1854 2205 1890 2267 ὅ

279 2290 595 2373 Ἀστυάγης
629 2296 707 2370 τῷ
742 2292 941 2373 πρώτῳ
969 2295 1078 2354 ἔτεϊ
1115 2292 1225 2353 εἶδε
1260 2291 1448 2369 ἄλλην
1473 2291 1624 2371 ὄψιν.
1706 2291 1890 2355 ε’δόκεε

280 2378 345 2440 δέ
387 2383 442 2440 οἱ
467 2385 528 2440 ἐκ
570 2384 682 2440 τῶν
726 2380 944 2441 αἰδοίων
994 2385 1099 2457 τῆς
1143 2379 1418 2463 θυγατρός
1464 2380 1671 2457 ταύτης
1718 2384 1891 2457 φῦναι

281 2465 556 2544 ἄμπελον,
572 2467 676 2544 τὴν
697 2468 758 2528 δὲ
783 2467 1042 2546 ἄμπελον
1062 2471 1318 2547 ἐπισχεῖν
1335 2467 1440 2543 τὴν
1456 2467 1660 2545 Ἀσίην
1673 2473 1887 2530 πᾶσαν·

282 2553 410 2615 ἶδῶν
439 2556 499 2615 δὲ
531 2559 700 2616 τοῦτο
734 2557 828 2615 καὶ
862 2555 1235 2639 ὑπερθέμενος
1265 2558 1420 2617 τοῖσι
1452 2554 1886 2634 ὀνειροπόλοισι,

281 2644 681 2721 μετεπέμψατο
708 2648 769 2702 ἐκ
799 2647 909 2704 τῶν
935 2643 1205 2721 Περσέων
1229 2643 1334 2718 τὴν
1359 2643 1639 2725 θυγατέρα
1663 2644 1890 2705 ἐπίτεκα

284 2735 505 2803 ἐοῦσαν,
559 2730 901 2809 ἀπικομένην
950 2732 1012 2792 δὲ
1065 2730 1366 2807 ἐφύλασσε
1417 2732 1770 2810 βουλόμενος
1819 2732 1888 2794 τὸ

280 2818 622 2900 γεννώμενον
649 2819 710 2889 ἐξ
733 2817 904 2895 αὐτῆς
929 2819 1269 2897 διαφθεῖραι·
1307 2825 1367 2880 ἐκ
1391 2819 1504 2901 γάρ
1524 2824 1579 2881 οἶ
1603 2826 1706 2897 τῆς
1729 2821 1890 2900 ὄψιος

281 2910 335 2966 οἶ
370 2912 481 2968 τῶν
514 2907 710 2989 μάγων
745 2906 1098 2985 ὀνειροπόλοι
1136 2907 1457 2985 ἐσήμαινον,
1486 2907 1575 2968 ὅτι
1607 2910 1816 2986 μέλλοι
1855 2908 1889 2969 ὁ

277 2998 378 3072 τῆς
405 2994 677 3076 θυγατρός
710 2994 882 3056 αύτοῦ
905 2995 1073 3077 γόνος
1104 2993 1480 3072 βασιλεύσειν
1503 2995 1627 3057 οἷντὶ
1659 2998 1887 3056 ἐκείνου.

246 3095 249 3098 ’
278 3087 456 3143 ταῦτα
480 3083 548 3159 δὴ
577 3082 651 3143 ὦν
678 3083 1119 3161 φυλασσόμενος
1149 3082 1182 3143 ὁ
1206 3080 1541 3162 Ἀστυάγης,
1571 3082 1643 3145 ὥς
1669 3082 1890 3163 ἐγένετο

279 3168 314 3230 ὅ
344 3175 550 3249 Κῦρος,
577 3172 825 3234 καλέσας
837 3170 1135 3251 Ἅρπαγον
1167 3168 1341 3248 ἄνδρα
1373 3168 1601 3245 οἰκήῖον,
1630 3171 1724 3229 καὶ
1754 3195 1889 3232 πισΒ

278 3254 513 3319 τότατόν
529 3284 592 3319 τε
619 3257 829 3333 Μήδων
856 3258 948 3318 καὶ
972 3256 1193 3318 πάντων
1212 3256 1514 3333 ἐπίτροπον
1530 3260 1645 3318 τῶν
1664 3261 1887 3332 ἑωυτοῦ,
