2184 3517
277 115 566 180 173—179]
875 114 1331 177 ΜΕΛΠΟΜΕΝΒ.
1792 114 1883 162 351

274 199 434 259 ἔνθεν
460 196 733 274 κείροντες
753 200 812 256 ἐν
835 195 985 275 χροΐ·
1029 199 1086 258 ἐς
1112 194 1172 254 δὲ
1196 192 1297 254 τόν
1320 194 1576 271 πόλεμον
1601 195 1883 272 στρουθῶν

273 285 591 367 καταγαίων
610 283 775 360 δοροῖς
796 283 1072 359 φορέουσι
1086 280 1494 360 προβλήματα
1529 282 1619 340 διοῖ
1632 282 1694 345 ,δὲ
1710 281 1892 343 αὐτῶν

273 375 466 451 Κίνυψ
493 371 748 449 ποταμὸς
773 372 912 447 ῥέων
941 376 1000 431 ἐκ
1027 370 1218 447 λόφου
1246 370 1586 447 καλευμένου
1614 370 1887 448 Χαρίτων,

272 467 330 526 ἐς
372 462 681 522 θάλασσαν
721 460 942 520 ἐκδιδοῖ·
984 458 1017 519 ὁ
1050 459 1111 518 δὲ
1142 458 1327 535 λόφος
1363 455 1525 522 οὗτος
1561 457 1594 518 ὁ
1630 459 1891 535 Χαρίτων

272 548 451 613 δασῦς
489 547 645 627 ἴδῃσί
686 551 828 617 ἐστι,
866 546 1070 623 εὀίσης
1108 551 1211 622 τῆς
1249 544 1434 622 ἄλλης
1470 548 1572 622 τῆς
1610 571 1889 622 προκατα-

270 637 579 716 λεχθείσης
598 633 821 711 Λιβύης
840 638 1033 713 ψιλῆς·
1075 632 1191 694 ‹in-o*
1222 634 1523 711 θαλάσσης
1550 634 1611 693 δὲ
1638 640 1693 698 ἐς
1719 634 1889 696 αὐτὰν

271 724 497 785 στάδιοι
524 722 806 799 διηκόσιοί
818 726 951 783 εἶσι.
1018 722 1261 782 Μακέων
1281 722 1341 781 δὲ
1359 721 1568 783 τούτων
1590 722 1847 801 ἐχόμενοι
1866 722 1984 784 176

271 813 534 876 Γίνδανές
561 814 691 871 εἶσι·
730 804 844 872 των
863 814 922 871 αἶ
945 814 1202 893 γυναῖκες
1226 810 1576 888 περισφύρια
1604 810 1889 887 δερμάτων

270 899 467 992 πολλα
507 900 717 977 ἑκάστη
755 900 968 977 φορέει·
1011 897 1153 959 κατοὶ
1188 898 1404 960 τοιόνδε
1438 925 1509 969 τι,
1541 925 1612 962 ως
1639 899 1884 980 λέγεται·

273 987 382 1049 κατ
379 988 639 1067 ανδρα”
613 1013 853 1049 εκαστον
870 987 1146 1068 μιχθέντα
1163 985 1539 1064 περισφύριον
1558 988 1886 1064 περιδέεται·

271 1104 312 1153 η
286 1076 446 1137 ωδ
412 1104 481 1137 αν
505 1076 816 1137 πλεῖστα”
788 1103 906 1155 εχῃ,
935 1074 1076 1152 αὕτη
1107 1074 1324 1152 ἀρίστη.
1349 1075 1602 1135 δέδοκται
1639 1075 1779 1136 εἶναι
1815 1075 1887 1140 ὦς

271 1162 386 1225 ὖπὸ
412 1166 696 1225 πλείστων
728 1162 941 1241 ἀνδρῶν
979 1164 1313 1239 φιληθεῖσα.
1388 1161 1596 1239 Ἀκτὴν
1623 1163 1682 1221 δὲ
1707 1189 1839 1241 προ·
1866 1163 1979 1225 177

275 1255 522 1334 έχουσαν
542 1258 598 1317 ἐς
615 1251 715 1313 τόν
733 1251 943 1313 πόντον
959 1252 1171 1313 τούτων
1186 1256 1298 1312 τῶν
1323 1251 1601 1313 Γινδάνων
1627 1253 1885 1328 νέμονται

272 1340 638 1422 Λωτοφάγοι·
679 1339 734 1400 οἳ
757 1338 861 1400 τᾶν
893 1339 1108 1417 καρπὸν
1140 1343 1351 1417 μοῦνον
1388 1345 1492 1401 τοῦ
1527 1344 1711 1400 λωτοῦ
1746 1341 1884 1417 τρώ-

272 1454 468 1510 γοντες
493 1428 717 1501 ζώουσι·
759 1426 792 1488 ὁ
821 1427 880 1486 δὲ
904 1431 1004 1488 τοῦ
1031 1430 1217 1488 λωτοῦ
1245 1428 1459 1507 καρπός
1486 1433 1610 1488 ἐστι
1635 1429 1882 1510 μέγαθος

190 1576 197 1583 ,
273 1516 418 1577 ὅσον
451 1542 515 1577 τε
546 1520 649 1592 τῆς
675 1516 898 1596 σχίνου·
937 1514 1261 1596 γλυκύτητα
1287 1517 1363 1587 δὲ,
1388 1522 1491 1577 τοῦ
1519 1517 1772 1592 φοίνικος
1805 1521 1885 1596 τῷ

275 1608 470 1684 καρπῷ
511 1604 899 1682 προσείκελος·
960 1607 1249 1663 ποιεῦνται
1295 1604 1357 1664 δὲ
1401 1609 1465 1665 ἐκ
1509 1608 1612 1665 τοῦ
1667 1609 1884 1682 καρποῦ

272 1691 477 1754 τούτου
505 1696 560 1752 οἱ
582 1690 927 1772 Λωτοφάγοι
953 1691 1047 1750 καὶ
1073 1690 1244 1751 οἶνον.

355 1779 719 1862 Λωτοφάγων
745 1781 805 1839 δὲ
828 1779 894 1840 τό
921 1778 1074 1856 παραὶ
1104 1777 1411 1840 θάλασσαν
1431 1779 1650 1859 ἔχονται
1670 1777 1838 1859 Μάχ-
1861 1783 1980 1844 178

272 1871 422 1939 λυες,
449 1873 528 1949 τῷ
550 1872 712 1947 λωτῷ
734 1869 839 1945 μὲν
865 1867 957 1927 καὶ
984 1865 1143 1927 οὗτοι
1174 1866 1497 1948 χρεώμενοι,
1523 1866 1666 1945 οἶτοὶρ
1690 1865 1884 1944 ἧσσόν

273 1980 343 2037 γε
367 1959 478 2017 τῶν
512 1956 784 2034 πρότερον
817 1956 1154 2036 λεχθέντων.
1238 1954 1548 2031 κατήκουσι
1573 1957 1634 2016 δὲ
1662 1956 1755 2015 ἐπὶ
1781 1980 1882 2014 πο-

272 2043 458 2120 ταμόν
500 2045 697 2124 μέγαν,
736 2047 815 2124 τῷ
863 2069 1075 2120 ουνομα
1118 2043 1331 2121 Τρίτων
1372 2045 1515 2104 ἐστί·
1574 2045 1780 2104 ἐκδιδοῖ
1823 2044 1884 2103 δε

276 2156 444 2195 ουτος
484 2136 541 2195 ἐς
586 2132 793 2208 λίμνην
833 2132 1106 2214 μεγάλην
1147 2132 1469 2210 Τριτωνίδα·
1530 2137 1589 2192 ἐν
1635 2133 1695 2191 δὲ
1742 2130 1884 2210 αὐτῇ

274 2217 463 2296 νῆσος.
477 2221 572 2290 ἔνι,
599 2223 671 2298 τῇ
699 2218 911 2299 οὔνομα.
936 2220 1082 2279 Φλά·
1120 2218 1331 2295 ταύτην
1357 2220 1416 2279 δε
1440 2219 1545 2295 τὴν
1572 2223 1746 2295 νῆσον
1766 2226 1879 2279 Λα-

275 2307 684 2384 κεδαιμονίοισί
705 2313 854 2383 φασι
878 2307 1076 2389 λόγιον
1105 2307 1244 2369 εἶναι
1272 2308 1479 2367 κτίσαι.

347 2393 521 2456 Ἔστι
547 2395 606 2454 δὲ
632 2394 725 2454 καὶ
752 2394 846 2455 ὅδε
872 2394 1046 2476 λόγος
1071 2393 1397 2477 λεγόμενος·
1436 2392 1683 2469 Ἰήσονα,
1712 2395 1837 2454 ἐπεί
1861 2396 1975 2455 179

271 2510 339 2545 τε
366 2486 420 2543 οἷ
447 2482 760 2566 ἐξεργάσθη
795 2480 906 2543 ῦπό
942 2488 1019 2561 τῷ
1054 2485 1259 2563 Πηλίῳ
1283 2482 1322 2559 ἦ
1348 2480 1551 2564 Ἀργώ,
1580 2482 1883 2557 ἐσθέμενον

276 2577 333 2636 ἐς
373 2571 546 2648 αὐτὴν
584 2570 770 2648 ἄλλην
808 2596 870 2631 τε
911 2571 1235 2649 ἑκατόμβην
1276 2571 1370 2630 καὶ
1410 2570 1478 2647 δὴ
1520 2570 1612 2630 καὶ
1647 2569 1884 2646 τρίποδα

272 2658 538 2738 χάλκεον,
575 2658 912 2737 περιπλώειν
947 2658 1394 2736 Πελοπόννησον
1432 2657 1788 2736 βουλόμενον
1827 2661 1884 2722 ἐς

279 2746 548 2823 Δελφοῦς
581 2746 904 2807 ἀπικέσθαι·
947 2746 1044 2806 καί
1072 2772 1188 2825 μιν,
1232 2746 1303 2811 ὦς
1340 2748 1589 2809 πλέοντα
1619 2746 1887 2828 γενέσθαι

276 2835 420 2895 κατὰ
461 2835 719 2911 Μαλέην,
757 2834 1078 2912 ὑπολαβεῖν
1125 2833 1338 2913 ἄνεμον
1375 2837 1561 2913 βορῆν
1610 2835 1704 2894 καὶ
1746 2833 1885 2893 άπο-

277 2923 472 2999 φέρειν
496 2921 638 3000 πρός
660 2922 767 2998 τήν
789 2922 1037 2999 Λιβύην·
1078 2922 1213 3000 πρὶν
1238 2923 1298 2981 δὲ
1325 2923 1651 2983 κατιδέσθαι
1674 2926 1799 3004 γῆν,
1827 2926 1888 2983 ἐν

276 3014 432 3070 τοῖσι
456 3010 711 3090 βράχεσι
743 3012 1011 3092 γενέσθαι
1045 3012 1252 3087 λίμνης
1275 3013 1378 3085 τῆς
1402 3011 1749 3087 Τριτωνίδος·
1792 3012 1891 3070 καί

279 3100 336 3159 οἶ
365 3097 661 3176 ἀπορέοντι
690 3099 796 3174 τὴν
829 3098 1117 3182 ἐξαγωγὴν
1147 3097 1322 3180 λόγος
1338 3098 1464 3158 ἐστὶ
1490 3101 1735 3172 φανῆναι
1759 3100 1886 3175 Τρί-

276 3211 443 3257 τωνα,
488 3186 581 3245 καὶ
628 3185 872 3247 κελεύειν
909 3186 1011 3248 τὸν
1054 3185 1287 3264 Ἰήσονα
1333 3188 1511 3266 ἑωυτῷ
1553 3185 1743 3244 δοῦναι
1786 3185 1888 3246 τόν

277 3273 541 3353 τρίποδα·
596 3272 852 3352 φάμενόν
890 3281 1005 3351 σφι
1045 3276 1140 3335 καὶ
1190 3274 1293 3336 τᾶν
1331 3274 1510 3351 πόρον
1556 3271 1746 3343 δέξειν,
1795 3273 1888 3333 καὶ
