2184 3517
317 76 1341 131 302UHP0A0T0'1·
1794 81 1918 148 [tv.

312 158 501 230 πόλιν,
545 162 603 223 ἔς
639 156 826 233 δεξιῆν
865 156 1124 241 ἀπέργων
1163 158 1270 236 τῆν
1308 184 1372 220 τε
1409 158 1648 237 ’Υλαίην
1690 160 1786 221 καὶ
1825 164 1926 224 τᾶν

221 249 297 309 56
314 244 649 326 Ἀχιλλήῖον
681 244 1021 324 καλεόμενον
1049 246 1300 324 Δρόμον.
1372 246 1668 324 Ἕβδομος
1705 249 1768 308 δὲ
1793 251 1924 328 Γέρ-

315 361 415 414 ρος
436 331 689 410 ποταμός
725 331 1071 413 ἀπέσχισται
1107 336 1211 410 μὲν
1254 334 1371 395 ἄπο
1401 339 1503 395 τοῦ
1541 337 1924 413 Βορυσθένεος

316 422 459 483 κατὰ
481 425 651 482 τοῦτο
669 425 771 497 τῆς
790 421 977 501 χώρης
1003 420 1111 485 ἐς
1077 449 1110 482 ο
1136 421 1470 502 γινώσκεται
1486 450 1518 483 ο
1502 419 1920 502 ’Βορυσθένηφ

316 509 663 589 ἀπέσχισται
693 509 798 585 μέν
838 534 935 569 νυν
976 513 1038 567 ἐκ
1079 508 1281 569 τούτου
1322 514 1425 569 τοῦ
1465 510 1670 589 χώρου,
1716 511 1925 589 οὕνομα

315 598 377 657 δὲ
423 598 537 676 ἔχει
575 595 749 673 τόπερ
792 595 825 657 ὅ
867 601 1049 675 χῶρος
1102 596 1283 667 αὖτός,
1322 598 1550 675 Γέρρος,
1595 600 1738 674 ῥέων
1778 598 1828 659 δ’
1868 606 1926 666 ἐς

316 683 637 754 θάλασσαν,
666 684 869 761 οὐρίζει
907 684 1013 760 τήν
1050 710 1115 745 τε
1142 689 1254 745 τῶν
1283 685 1565 762 Νομάδων
1595 685 1802 765 χώρην,
1831 691 1925 748 καὶ

313 772 417 849 τὴν
464 775 575 833 τῶν
626 773 951 849 βασιληίων
997 772 1273 837 Σκυθέων·
1344 765 1550 833 ἐκδιδοῖ
1602 774 1665 832 δὲ
1718 780 1773 838 ἐς
1822 776 1925 837 τᾶν

220 861 297 922 57
314 859 634 938 Ὑπάκυριν.
704 858 952 940 Ὄγδοος
984 859 1043 919 δὲ
1069 860 1138 936 δή
1171 860 1378 924 Τάναϊς
1408 854 1683 939 ποταμός·
1724 861 1788 926 ὃς
1810 864 1923 940 ῥέει

313 950 387 1010 τοὶ
411 948 678 1010 ἀνέκαθεν
714 953 774 1008 ἔκ
808 947 1013 1027 λίμνης
1040 948 1297 1030 μεγάλης
1322 948 1688 1026 ὄρμεώμενος,
1719 951 1924 1013 ἐκδιδοῖ

315 1038 376 1099 δὲ
401 1042 457 1102 ἐς
479 1038 626 1117 μέζω
654 1038 734 1097 ἔτι
758 1037 965 1114 λίμνην
991 1037 1335 1114 καλεομένην
1361 1041 1628 1113 Μαιῆτιν,
1648 1036 1691 1113 ἢ
1710 1037 1923 1116 οὐρίζει

315 1126 533 1191 Σκύθας
555 1152 619 1186 τε
643 1123 773 1188 τούς
805 1125 1149 1202 βασιληίους
1190 1125 1282 1184 καὶ
1323 1123 1709 1202 Σαυρομάτας·
1778 1131 1835 1189 ἐς
1859 1127 1924 1188 δὲ

312 1215 518 1275 Τάναϊν
550 1217 751 1275 τοῦτον
785 1210 966 1276 ἄλλος
998 1213 1253 1290 ποταμὸς
1288 1211 1574 1288 ἐσβάλλει
1602 1217 1682 1292 τῷ
1706 1212 1923 1291 οὔνομά
1947 1267 1955 1273 ,

217 1307 250 1359 5
257 1304 293 1361 8
313 1305 438 1363 ἔστι
449 1302 475 1331 ”
475 1308 669 1383 Υργις.
749 1304 916 1361 Τοῖσι
940 1299 1045 1378 μὲν
1071 1300 1140 1376 δή
1168 1299 1576 1377 οὖνομαστοῖσι
1604 1306 1923 1378 ποταμοῖσι

310 1390 452 1452 οὕτω
476 1390 545 1467 δή
570 1416 627 1451 τι
662 1393 715 1451 οἱ
747 1388 959 1454 Σκύθαι
991 1387 1374 1449 ἐσκευάδαται·
1414 1392 1570 1450 τοῖσι
1596 1389 1656 1448 δὲ
1683 1390 1922 1466 κτήνεσι

309 1478 348 1556 ἦ
398 1479 533 1554 ποίη
583 1476 944 1554 (ἶναφυομένη
998 1482 1056 1537 ἐν
1108 1482 1180 1556 τῇ
1234 1477 1500 1556 Σκυθικῇ,
1556 1477 1682 1538 ἔστι
1724 1484 1923 1560 ἐπιχυ-

313 1564 536 1642 λωτάτη
580 1566 807 1624 πασέων
851 1566 1055 1625 ποιέων
1098 1569 1210 1625 τῶν
1251 1564 1416 1641 ἡμεῖς
1459 1565 1636 1641 ἴδμεν·
1696 1564 1925 1649 ἀνοιγο-

307 1654 531 1732 μένοισι
572 1653 633 1713 δὲ
673 1656 829 1713 τοῖσι
873 1651 1107 1730 κτήνεσί
1142 1657 1269 1713 ε’στι
1310 1652 1784 1730 σταθμώσασθαι,
1822 1654 1921 1718 ὅτι

307 1744 474 1803 τοῦτο
500 1739 671 1805 οὕτως
696 1741 829 1819 ἔχει.

213 1832 291 1890 59
389 1829 474 1890 Τοὶ
507 1831 612 1907 μὲν
646 1828 714 1905 δὴ
745 1829 991 1911 μέγιστα
1030 1828 1175 1889 οὕτω
1209 1834 1324 1905 σφι
1359 1827 1569 1905 εὔποροί
1611 1833 1756 1891 ἐστι.
1836 1831 1923 1892 τῖαἴ

307 1919 368 1980 δὲ
410 1916 585 1978 λοιποὶ
625 1916 830 1995 νόμαια
873 1916 1014 1978 κατοὶ
1056 1916 1191 1977 τάδε
1235 1923 1348 1994 σφι
1388 1916 1682 1978 διακέεται·
1751 1918 1924 1985 θεοὺς

305 2010 410 2085 μὲν
450 2006 685 2084 μούνους
734 2004 940 2066 τούσδε
994 2004 1345 2066 ἱλάσκονται·
1402 2004 1618 2081 Ἱστίην
1658 2007 1763 2083 μὲν
1800 2006 1922 2082 μα’.-

307 2099 499 2157 λιστα·
555 2094 647 2155 ἐπὶ
680 2094 756 2167 δὲ,
784 2095 898 2154 Δία
929 2118 992 2154 τε
1029 2094 1122 2153 καὶ
1148 2088 1282 2170 Γῆν,
1316 2093 1633 2170 νομίζοντες
1662 2092 1767 2169 τὴν
1791 2099 1925 2171 Γῆν

305 2188 407 2246 τοῦ
449 2183 585 2247 Διὸς
630 2183 769 2243 εἶναι
806 2185 1061 2264 γυναῖκα·
1116 2180 1260 2259 μεταῖ
1310 2182 1369 2242 δὲ
1409 2181 1654 2252 τούτους,
1695 2180 1923 2242 Ἀπόλ-

305 2271 458 2333 λωνά
497 2298 560 2333 τε
603 2271 694 2332 καὶ
748 2270 1009 2349 οὐρανίην
1050 2268 1411 2346 Ἀφροδίτην,
1463 2270 1555 2328 καὶ
1598 2270 1920 2347 Ἡρακλέα,

308 2362 400 2420 καὶ
415 2360 611 2439 *Αρεα·
637 2358 865 2422 τούτους
888 2361 993 2436 μὲν
1018 2357 1221 2421 πάντες
1246 2359 1302 2417 οἱ
1328 2356 1541 2423 Σκύθαι
1565 2359 1925 2435 νενομίκασι·

308 2452 364 2509 οἳ
405 2449 465 2509 δὲ
507 2447 837 2525 καλεόμενοι
877 2445 1180 2524 βασιλήῖοι
1218 2446 1432 2510 Σκύθαι
1469 2447 1562 2504 καὶ
1586 2450 1663 2525 τῷ
1699 2453 1925 2507 Ποσει-

307 2536 463 2597 δέωνι
503 2535 720 2596 θύουσι·
764 2534 1125 2612 οὖνομάζεται
1165 2534 1226 2594 δὲ
1267 2535 1554 2615 Σκυθιστὶ,
1579 2532 1763 2610 Ἱστίη
1802 2539 1929 2611 μὲν

305 2624 533 2699 Ταβιτί·
601 2622 735 2687 zebe
774 2622 835 2682 δὲ
874 2621 1192 2703 (ὀρθότατα,
1237 2622 1379 2682 κατὰ
1429 2620 1657 2703 γνώμην
1699 2648 1768 2703 γε
1806 2624 1930 2699 τήν

305 2710 462 2789 ε’μήν,
504 2709 864 2791 καλεόμενος)
905 2713 1186 2774 Παπαῖος·
1228 2715 1315 2786 Γῆ
1359 2711 1420 2770 δὲ
1462 2709 1651 2779 Ἀπία·
1697 2709 1929 2770 Ἀπόλ·

311 2802 421 2858 λων
467 2798 528 2857 δὲ
571 2797 900 2875 Οἰτόσυρος·
956 2797 1184 2876 οὐρανίη
1230 2798 1292 2858 δὲ
1331 2798 1663 2877 Ἀφροδίτη·
1682 2797 1930 2875 Ἀρτίμ-

315 2910 485 2944 τασα·
534 2886 853 2944 Ποσειδέων
893 2886 954 2944 δὲ
993 2886 1425 2963 Θαμιμασάδας.
1484 2884 1812 2967 ’ἀγάλματα
1860 2887 1930 2946 δὲ

307 2971 399 3027 καὶ
440 2972 669 3048 βωμούς
712 2972 803 3030 καὶ
844 2973 1007 3048 νηοῦς
1050 2973 1116 3032 οὗ
1159 2976 1452 3050 νομίζουσι
1493 2976 1715 3047 ποιέειν,
1753 2974 1931 3050 πλὴν

216 3054 322 3109 60*
322 3062 483 3129 Αρηῖ·
524 3058 699 3135 τούτω
729 3059 791 3116 δὲ
823 3061 1132 3136 νομίζουσι.
1214 3064 1398 3139 Θυσίη
1431 3062 1490 3121 δε
1499 3062 1559 3137 ἡ
1596 3061 1734 3137 αὐτή
1762 3066 1934 3121 πᾶσι

309 3141 612 3215 κατέστηκε
637 3145 765 3220 περὶ
790 3145 973 3206 πάντα
1007 3148 1081 3207 τὰ
1116 3149 1208 3225 ἱροὶ
1244 3149 1461 3227 ὁμοίως,
1489 3129 1755 3227 ερδομένη
1783 3147 1924 3209 ὧδε·

307 3220 374 3276 τό
418 3226 522 3295 μὲν
568 3227 744 3300 ῖρήῖον
784 3229 920 3289 αὐτο
962 3236 1447 3313 ἐμπεποδισμένον
1489 3262 1622 3299 τους
1660 3241 1933 3313 ἔμπροσ-
