2184 3517
237 109 528 176 175-179]
935 112 1166 161 mmo.
1786 112 1849 166 87

231 189 376 254 λοὺς
407 189 608 269 α’ρετάς
639 189 1047 250 α’πεδείκνυντο·
1091 190 1434 253 ἑσσωθέντες
1465 189 1525 250 δὲ
1559 190 1651 250 καὶ
1676 215 1854 251 κατει-

233 278 504 356 ληθέντες
540 282 599 342 ἐς
632 277 702 339 τό
741 276 903 350 ἄστυ,
944 278 1267 354 συνήλισαν
1307 282 1363 341 ἐς
1400 277 1506 354 τὴν
1545 277 1855 355 ἀκρόπολιν

231 365 336 429 τάς
372 392 439 426 τε
475 369 740 448 γυναῖκας
779 367 872 425 καὶ
911 365 984 426 τοὶ
1023 367 1191 427 τέκνα
1224 366 1318 425 καὶ
1347 364 1421 426 ro?
1452 365 1718 444 χρήματα
1758 366 1850 426 καὶ

230 453 365 518 τούς
385 455 615 523 οἰκέτας,
639 455 733 514 καὶ
750 455 940 514 ἔπειτα
955 453 1188 534 ὑπῆψαν
1205 453 1310 529 τὴν
1329 453 1640 532 ἀκρόπολιν
1658 457 1853 515 πᾶσαν

230 541 444 620 ταύτην
484 543 762 604 καίεσθαι·
802 547 980 603 ταῦτα
1020 544 1079 602 δὲ
1114 541 1454 618 ποιήσαντες
1486 543 1579 602 καὶ
1609 543 1851 621 συνομό-

231 656 439 695 σαντες
463 629 661 708 ὅρκους
686 629 912 701 δεινοὺς,
932 630 1334 701 ὑπεξελθόντες
1350 630 1630 693 ἀπέθανον
1648 630 1852 696 πάντες

231 718 470 782 Ξάνθιοι
519 717 851 797 μαχόμενοι·
909 723 1022 779 τῶν
1074 719 1136 779 δὲ
1187 723 1285 780 νῦν
1329 720 1548 780 Λυκίων
1591 719 1852 796 φαμένων

230 806 487 870 Ξανθίων
527 805 684 877 εἶναι,
725 809 781 866 οἶ
809 806 1040 877 πολλοὶ,
1073 806 1229 884 πλὴν
1267 806 1585 889 ὀγδώκοντα
1614 808 1848 878 ἱστιέων,

232 894 349 954 εἶσὶ
389 893 679 971 ἐπήλυδες·
720 896 781 953 αἱ
811 893 872 953 δὲ
902 892 1221 975 ὀγδώκοντα
1254 895 1431 955 ἱστίαι
1464 893 1629 955 αὗται
1654 896 1854 974 ἔτυχον

228 985 536 1057 τηνικαῦτα
577 982 963 1059 ἐκδημέουσαι,
1002 982 1098 1053 καὶ,
1129 980 1271 1042 οὕτω
1301 981 1705 1064 περιεγένοντο·
1745 982 1851 1059 τὴν

228 1070 338 1146 μὲν
378 1070 448 1146 δὴ
487 1069 706 1134 Ξάνθον
740 1069 912 1134 οὕτως
945 1072 1082 1151 ἔσχε
1119 1069 1151 1130 ὅ
1173 1068 1484 1152 Ἅρπαγος.
1550 1076 1848 1148 παραπλη-

229 1158 372 1221 σίως
410 1158 472 1218 δὲ
511 1159 603 1218 καὶ
640 1157 745 1234 τήν
777 1163 1003 1220 Καῦνον
1036 1159 1193 1238 ἔσχε.
1277 1157 1371 1217 καὶ
1394 1157 1506 1239 γὰρ
1534 1161 1588 1218 οἳ
1613 1157 1848 1220 Καύνιοι

227 1244 364 1309 τούς
399 1246 640 1310 Λυκίους
679 1246 1030 1326 ἐμιμήσαντο
1068 1247 1143 1307 τοὶ
1180 1245 1357 1307 πλέω.
1439 1244 1525 1306 Tot
1566 1247 1672 1323 μέν
1711 1273 1807 1307 νυν
1829 1249 1940 1308 177

231 1332 384 1394 κάτω
426 1337 529 1410 τῆς
557 1332 758 1410 Ἀσίης
782 1333 1076 1417 Ἅρπαγος
1107 1334 1398 1396 ἀνάστατα
1436 1336 1632 1405 ἐποίεε,
1673 1333 1746 1395 τοὶ
1786 1335 1847 1395 δὲ

228 1419 346 1483 ἅνω
371 1422 542 1498 αὑτῆς
566 1421 733 1486 αὑτός
759 1427 964 1513 Κῦρος,
991 1428 1107 1484 πᾶν
1140 1425 1295 1487 ἔθνος
1321 1421 1847 1501 καταστρεφόμενος

229 1510 327 1570 καὶ
368 1509 527 1570 οὐδὲν
563 1511 800 1587 παριείς.
864 1511 939 1572 τοὶ
975 1512 1080 1588 μέν
1120 1538 1218 1573 νυν
1249 1510 1429 1572 αὑτῶν
1468 1511 1627 1571 πλέω
1665 1511 1844 1590 παρή-

226 1623 431 1675 σομεν·
486 1598 559 1658 τοὶ
606 1598 670 1659 δέ
720 1602 776 1659 οἱ
821 1601 1077 1680 παρέσχε
1115 1599 1290 1661 πόνον
1328 1626 1393 1661 τε
1434 1603 1713 1662 πλεῖστον
1755 1600 1848 1660 καὶ

225 1685 724 1767 οἶξιαπηγητότατά
751 1692 890 1760 ἐστι,
914 1687 1125 1749 τούτων
1152 1687 1545 1766 ἐπιμνήσομαι.

311 1778 503 1851 Κῦρος
542 1775 666 1835 ἐπεί
698 1800 762 1835 τε
792 1775 866 1836 τοὶ
898 1775 1082 1836 πάντα
1113 1780 1215 1852 τῆς
1244 1776 1477 1854 ἠπείρου
1508 1776 1805 1856 ὑποχείρια
1823 1777 1940 1838 178

224 1862 559 1938 ἐποιήσατο,
583 1861 948 1941 Ἀσσυρίοισι
972 1865 1274 1925 ἐπετίθετο.
1320 1869 1422 1941 τῆς
1447 1865 1507 1925 δὲ
1530 1864 1842 1941 Ἀσσυρίης

224 1950 357 2010 ἐστὶ
380 1948 455 2010 τὰ
476 1951 581 2028 μέν
608 1975 708 2010 κου
728 1951 821 2009 καὶ
838 1948 994 2010 ἄλλα
1013 1952 1347 2029 πολίσματα
1372 1952 1600 2034 μεγάλα
1624 1952 1837 2023 πολλοὶ,

222 2038 293 2099 τό
328 2038 388 2098 δὲ
420 2037 875 2117 ὀνομαστότατον
910 2039 1002 2098 καὶ
1044 2039 1412 2118 ἰσχυρότατον
1446 2041 1539 2098 καὶ
1571 2041 1705 2101 ἔνθα
1728 2045 1842 2116 σφι

222 2127 410 2188 Νίνου
436 2125 754 2187 ἀναστάτου
778 2128 1078 2208 γενομένης
1102 2128 1174 2187 τοὶ
1197 2126 1485 2203 βασιλήῖα
1509 2126 1844 2204 κατεστήκεε

220 2214 297 2292 ἦν
337 2215 639 2291 Βαβυλῶν,
667 2218 845 2276 ἐοῦσα
875 2214 1106 2291 τοιαύτη
1139 2214 1208 2291 δή
1239 2240 1342 2277 τις·
1382 2214 1560 2279 πόλις.
1578 2215 1759 2275 κέεται
1785 2221 1844 2276 ἐν

219 2303 401 2383 πεδίῳ
440 2301 685 2385 μεγάλῳ,
712 2303 959 2385 μέγαθος
995 2307 1171 2363 ἐοῦσα.
1204 2301 1460 2380 μέτωπον
1495 2302 1735 2362 ἕκαστον
1772 2304 1843 2362 εἴ*

222 2417 364 2452 κοσι
391 2392 484 2451 καὶ
516 2391 712 2453 ἑκατὸν
749 2391 1007 2460 σταδίων,
1046 2388 1250 2467 ἐούσης
1282 2388 1645 2471 τετραγώνου·
1687 2388 1841 2450 οὗτοι

218 2478 455 2541 στάδιοι
490 2484 593 2556 τῆς
630 2478 891 2559 περιόδου
924 2484 1026 2556 τῆς
1059 2477 1261 2542 πόλιος
1285 2478 1534 2561 γίνονται
1559 2475 1841 2539 συνάπαν-

216 2593 318 2633 τες
357 2565 674 2649 ὀγδώκοντα
704 2568 799 2627 καὶ
831 2567 1206 2646 τετρακόσιοι·
1245 2566 1312 2627 τὰ
1348 2566 1453 2644 μέν
1476 2592 1575 2628 νυν
1599 2567 1844 2649 μέγαθος

215 2654 505 2716 τοσοῦτόν
558 2661 683 2716 ἐστι
726 2659 828 2716 τοῦ
880 2655 1082 2719 ἄστεος
1133 2659 1233 2715 τοῦ
1281 2656 1672 2733 Βαβυλωνίου.
1730 2661 1843 2715 ἐκε-

217 2743 487 2821 κόσμητο
514 2744 574 2804 δὲ
601 2744 673 2808 αἷς
700 2743 857 2807 οὐδὲν
888 2742 1038 2804 ἄλλο
1063 2742 1325 2821 πόλισμα
1348 2747 1458 2804 τῶν
1483 2743 1644 2822 ἡμεῖς
1669 2744 1841 2822 ἴδμεν·

213 2832 448 2910 τάφρος
471 2833 575 2910 μὲν
600 2831 796 2909 πρῶτά
821 2856 919 2909 μιν
944 2832 1135 2907 βαθέα
1165 2857 1229 2891 τε
1266 2832 1360 2890 καὶ
1387 2831 1546 2910 εὑρέα
1574 2833 1667 2891 καὶ
1691 2832 1840 2907 πλέη

168 2911 194 2921 ⁹
213 2921 430 2985 ὕδατος
454 2921 716 2999 περιθέει·
752 2919 896 2998 μετοὶ
923 2920 999 2991 δὲ,
1026 2923 1215 2998 τεῖχος
1240 2920 1584 2995 πεντήκοντα
1607 2922 1712 2996 μὲν
1737 2945 1842 2995 πη-

213 3011 374 3090 χέων
415 3009 737 3085 βασιληῒων
783 3008 874 3069 ἐὸν
924 3006 992 3068 τό
1047 3006 1220 3085 εὖρος,
1262 3006 1403 3085 ὕψος
1445 3007 1505 3066 δὲ
1547 3006 1844 3083 διηκοσίων

214 3097 474 3177 πηχέων·
520 3096 577 3176 (ὅ
626 3097 687 3156 δὲ
728 3094 1039 3175 βασιλήῖος
1080 3099 1266 3174 πῆχυς
1305 3099 1413 3154 τοῦ
1453 3095 1680 3171 μετρίου
1721 3094 1844 3153 ἐστὶ

214 3186 444 3264 πήχεος
478 3185 657 3264 μέζων
695 3185 854 3264 τρισὶ
885 3182 1259 3264 δακτύλοισι·)
1322 3185 1427 3242 Δεῖ
1456 3180 1526 3256 δή
1556 3207 1630 3259 με
1663 3180 1805 3259 πρὸς
1824 3183 1936 3242 179

212 3273 484 3336 τούτοισι
530 3275 611 3335 ἔτι
658 3272 898 3350 φράσαι,
943 3272 1032 3333 ἵνα
1071 3295 1137 3331 τε
1181 3274 1243 3330 ἐκ
1284 3274 1384 3347 τῆς
1424 3268 1647 3346 τάφρου
1687 3269 1727 3346 ἦ
1767 3272 1844 3345 γῆ
