2184 3517
278 78 343 126 24
895 77 1263 127 ΗΡοΔοτοτ
1804 77 1887 143 [1.

275 158 454 215 ταῦτα
490 154 831 233 ἐπειρώτεον.
910 161 1022 218 τῶν
1054 156 1116 216 δὲ
1149 156 1425 233 μαντ-ηιων
1460 154 1857 233 οἷμφοτέρων’
1827 184 1891 221 ες
1943 184 2177 211 W

276 241 454 303 τιίυτὸ
487 247 546 303 αἱ
575 247 794 324 ’γνῶμαι
823 245 1189 321 συνέδραμον,
1215 240 1601 324 προλέγουσαι
1632 245 1886 352 Κροίσω,

275 329 347 408 ἢν
391 331 758 408 στρατεύηται
809 333 901 392 ἐπὶ
952 334 1201 409 Πέρσας,
1247 331 1503 413 μεγάλην
1555 331 1735 411 οἷρχήν
1784 359 1888 409 μιν

277 424 610 480 καταλῦσαι.
690 445 821 483 τους
862 421 920 479 δὲ
954 419 1245 496 Ἑλλήνων
1282 419 1689 497 δυνατωτάτους
1721 447 1887 482 συνε-

273 507 553 584 βούλευόν
580 511 634 568 οἱ
660 507 950 587 ἐξευρόντα
976 509 1182 585 <paone
1206 507 1583 584 προσθέσθαι.

178 597 257 655 54
354 595 519 655 Ἐπεί
539 622 602 656 τε
627 597 686 655 δὲ
718 596 1102 677 ἀνενειχθέντα
1133 594 1206 657 τσῖ
1237 595 1548 674 θεοπρόπια
1577 594 1812 657 ἐπύθετο
1844 596 1883 657 ὅ

274 687 542 761 Κροῖσος,
562 682 856 761 ὑπερήσθη
880 710 944 745 τε
967 688 1122 745 τοῖσι
1147 684 1566 764 χρηστηρίοισι·
1597 682 1792 764 πάγχυ
1814 710 1882 746 τε

274 772 515 836 ἐλπίσας
550 771 890 833 καταλύσειν
921 772 1027 848 τήν
1064 772 1256 849 Κύρου
1290 771 1621 848 βασιληίην,
1650 773 1882 850 πέμψας

273 852 426 922 αὖτις
456 864 512 923 ἐς
542 860 717 921 nvo&
752 859 1016 936 Δελφούς
1049 860 1324 937 δωρέεται,
1355 859 1667 937 πυθόμενος
1696 859 1894 922 αὐτῶν,

270 946 336 1007 τό
356 950 588 1023 πλῆθος,
612 945 924 1026 κατ’,ἅνδρα
943 945 1042 1007 δύο
1062 951 1345 1025 στατῆρσι
1372 948 1610 1008 ἕκαστον
1634 952 1872 1027 χρυσοῦ·

273 1037 497 1112 Δελφοὶ
524 1035 582 1095 δὲ
614 1033 739 1097 ἀντὶ
768 1035 977 1097 τούτων
1013 1034 1214 1096 ἔδοσαν
1246 1035 1478 1115 Κροίσῳ
1509 1035 1603 1094 καὶ
1634 1035 1877 1095 Λυδοῖσι

273 1124 656 1201 προμαντηίην
681 1122 774 1183 καὶ
798 1123 1054 1201 α’τελείην
1084 1123 1179 1182 καὶ
1206 1123 1520 1201 προεδρίην,
1548 1122 1641 1182 καὶ
1672 1122 1877 1193 ἐξεῖναι

267 1214 347 1290 τῷ
378 1212 710 1291 βουλομένῳ
744 1211 924 1273 αὐτῶν
958 1211 1225 1293 γενέσθαι
1268 1210 1505 1286 Δελφόν
1547 1214 1604 1274 ἐς
1641 1210 1758 1273 τᾶν,
1782 1210 1874 1271 αἐὶ

171 1298 250 1356 55
266 1297 489 1377 χρόνον.
572 1298 984 1376 Δωρησάμενος
1010 1299 1071 1359 δὲ
1095 1298 1225 1362 τοῦς
1250 1298 1515 1375 Δελφούς
1539 1298 1573 1359 ὅ
1601 1302 1869 1377 Κροῖσος,
1926 1369 1933 1374 ,

268 1386 734 1464 ἐχρηστηριάζετο
758 1386 825 1447 τὰ
849 1387 1057 1463 τρίτον.
1125 1388 1249 1446 ἐπεί
1268 1412 1332 1447 τε
1351 1386 1463 1468 γσῖρ
1484 1384 1553 1462 δή
1572 1387 1873 1464 παρέλαβε

265 1478 366 1534 τοῦ
388 1474 658 1549 μαντηίου
682 1473 973 1549 ἀληθηΐην,
996 1475 1320 1551 ἐνεφορέετο
1345 1473 1535 1534 αὐτοῦ.
1601 1474 1870 1552 ἐπειρώτα

266 1560 328 1621 δὲ
350 1561 483 1621 τάδε
507 1562 1068 1640 χρηστηριαζόμενος,
1091 1562 1143 1621 εἴ
1167 1566 1220 1622 οἳ
1246 1561 1619 1642 πολυχρόνιος
1643 1563 1804 1624 ἔσται
1826 1563 1869 1640 ἦ

265 1651 595 1729 μουναρχίη.
675 1650 713 1726 ἦ
741 1649 800 1709 δὲ
826 1650 1014 1725 Πυθίη
1040 1653 1094 1710 οἱ
1119 1653 1235 1730 χρᾷ
1258 1649 1407 1710 τάδε·

355 1762 499 1812 Ἀλλ’
535 1758 608 1812 ὅτ’
639 1760 702 1812 ἄν
734 1763 921 1823 ἡμίονος
954 1765 1185 1826 βασιλεὺς
1217 1764 1428 1824 Μήδοισι
1461 1765 1680 1827 γένηται,

362 1837 442 1884 καὶ
473 1835 600 1896 τότε,
635 1836 763 1884 Λυδὲ
795 1838 1024 1899 ποδαβρὲ,
1056 1837 1378 1898 πολυψήφιδα
1414 1836 1525 1899 παρ’
1554 1838 1735 1900 Ἕρμον

362 1908 570 1970 φεύγειν,
606 1909 729 1967 μηδὲ
760 1909 931 1968 μένειν,
965 1908 1077 1968 μήδ’
1106 1909 1342 1957 αἰδεῖσθαι
1374 1910 1518 1958 κακὸς
1551 1910 1684 1957 εἶναι.

166 2001 244 2061 56
263 1999 526 2061 Τούτοισι
555 2003 789 2063 ἐλθοῦσι
817 2006 973 2062 τοῖσι
1003 2004 1165 2063 ἔπεσι
1196 2002 1230 2063 ὅ
1263 2008 1517 2081 Κροῖσος
1550 2002 1776 2065 πολλόν
1805 2030 1865 2065 τι

260 2088 517 2166 μάλιστα
539 2088 760 2151 πάντων
783 2089 954 2167 ἥσθη,
984 2092 1222 2163 ἐλπίζων
1244 2090 1479 2169 ἡμίονον
1504 2090 1719 2170 οὐδαμοὶ
1744 2091 1864 2153 ἀντ’

220 2204 229 2208 ·
265 2176 461 2255 οἷνδρός
495 2177 868 2254 βασιλεύσειν
902 2179 1131 2257 Μήδων·
1173 2178 1288 2239 οὐδ’
1321 2180 1397 2240 ὦν
1429 2178 1612 2251 αὖτός,
1650 2180 1775 2240 οὐδὲ
1807 2184 1864 2242 οἳ

264 2265 328 2336 ἐξ
348 2265 533 2336 αὐτοῦ,
554 2267 882 2328 παύσεσθαί
902 2293 1029 2329 κοτε
1051 2270 1155 2344 τῆς
1180 2266 1376 2347 ἀρχῆς.
1439 2268 1584 2345 μετὰ
1608 2268 1668 2329 δὲ
1685 2271 1863 2329 ταῦτα

259 2353 547 2430 ἐφρόντιζε
573 2355 851 2432 ἱστορέων,
877 2355 1008 2419 τούς
1032 2353 1102 2417 ἂν
1130 2355 1420 2431 Ἑλλήνων
1453 2355 1862 2422 δυνατωτάτους

261 2441 451 2506 ἐόντας
478 2443 903 2520 προσκτήσαιτο
934 2443 1159 2520 φίλους.
1241 2444 1509 2520 ἱστορέων
1542 2444 1604 2504 δὲ
1638 2443 1862 2521 εὕρισκε

258 2529 725 2610 Λακεδαιμονίους
750 2530 843 2591 καὶ
863 2530 1193 2608 Ἀθηναίους
1217 2532 1576 2611 προέχοντας,
1601 2530 1732 2595 τούς
1755 2534 1859 2608 μὲν

257 2620 360 2676 τοῦ
397 2624 644 2695 Δωρικοῦ
685 2624 886 2700 γένεος,
920 2618 1051 2683 τούς
1091 2620 1154 2679 δὲ
1192 2623 1295 2680 τοῦ
1336 2618 1602 2680 Ἰωνικοῦ.
1681 2624 1861 2680 ταῦτα

257 2703 367 2785 γοῖρ
402 2702 474 2780 ἦν
506 2707 578 2766 τοὶ
610 2708 1014 2785 προκεκριμένα
1051 2732 1122 2768 το
1163 2705 1415 2788 αρχαῖον,
1444 2707 1607 2769 ἐόντα
1644 2733 1712 2768 το
1753 2710 1861 2786 μὲν

263 2793 628 2891 Πελασγικόν
676 2794 744 2855 τὰ
792 2796 852 2855 δὲ
895 2793 1234 2871 Ἑλληνικόν
1280 2796 1453 2860 ἔθνος·
1505 2795 1599 2855 καὶ
1640 2794 1708 2857 τό
1752 2798 1861 2873 μὲν

262 2873 472 2958 ουδαμῆ
509 2908 585 2941 κω
620 2882 933 2962 ἐξεχώρησε
972 2882 1039 2944 τό
1084 2883 1145 2942 δὲ
1183 2882 1621 2961 πολυπλάνητον
1660 2883 1858 2963 κάρτα·

263 2969 353 3026 ἐπὶ
385 2972 490 3045 μὲν
521 2969 632 3051 γοὶρ
667 2971 1047 3034 Δευκαλίωνος
1086 2972 1377 3048 βασιλῆος
1416 2972 1563 3032 οἴκεε
1602 2976 1713 3055 γῆν
1752 2972 1859 3049 τήν

258 3056 513 3117 Φθιῶτιν·
554 3058 645 3117 ἐπὶ
680 3058 740 3116 δὲ
777 3057 975 3134 Δώρου
1005 3062 1110 3118 τοῦ
1134 3058 1433 3135 Ελληνος,
1464 3060 1570 3136 τὴν
1602 3060 1717 3120 ὕπο
1749 3060 1857 3136 την

248 3139 480 3202 Ὄσσαν
502 3169 564 3204 τε
589 3145 681 3203 καὶ
711 3143 812 3204 τὸν
849 3143 1161 3221 Οὔλυμπον
1188 3170 1394 3222 χωρην,
1422 3148 1782 3242 καλεομένην
1795 3149 1859 3210 δὲ

255 3225 601 3290 Ἱστιαιῶτιν·
642 3235 705 3289 ἐκ
728 3229 789 3288 δὲ
809 3233 912 3307 τῆς
931 3229 1325 3292 Ἱστιαιώτιδος
1352 3230 1423 3289 ὦς
1464 3223 1782 3303 ἐξανέστη
1749 3221 1860 3283 υπὸ
