2184 3517
255 107 514 173 96-100]
896 109 1223 161 mma-pun.
1767 112 1868 161 158

257 184 642 266 Κερκάσωρον
666 187 879 270 πόλιν]
912 195 967 256 ἐς
992 190 1052 250 δὲ
1078 188 1400 268 Ναύκρατιν
1425 187 1539 251 ‹in-6
1566 188 1870 267 θαλάσσης

258 278 354 337 καὶ
383 276 667 354 Κανώβου
698 276 788 336 διὰ
828 277 1021 338 πεδίου
1059 278 1264 351 πλέων,
1292 276 1444 355 ἥξεις
1474 277 1593 339 κατ’
1621 276 1865 339 Ἀνθυλ-

255 363 373 425 λιίν
394 391 459 426 τε
483 363 670 437 πόλιν,
700 365 792 425 καὶ
815 364 921 441 τήν
944 364 1293 445 Ἀρχάνδρου
1319 369 1681 443 καλευμένην·
1727 372 1865 426 Του·
1881 366 1961 427 98

256 453 398 514 τέων
438 453 500 513 δὲ
541 451 581 529 ἦ
622 454 727 530 μὲν
760 451 1074 524 Ἄνθυλλα,
1100 457 1290 513 «εόῦσα
1331 454 1545 534 λογίμη
1585 453 1768 524 πόλις,
1811 458 1866 519 ε’ς

257 539 596 618 ὑποδήματα
621 540 897 619 ἐξαίρετος
931 541 1144 602 δίδοται
1177 546 1280 602 τοῦ
1315 542 1424 603 αἰεὶ
1454 541 1866 618 βασιλεύοντος

256 630 548 711 Αἰγύπτου
594 633 668 709 τῇ
711 631 942 712 γυναικί.
1028 632 1220 711 (τοῦτο
1261 631 1322 691 δὲ
1365 631 1578 712 γίνεται
1620 631 1684 701 ἐξ
1721 631 1865 692 ὅσου

257 716 374 778 find
422 719 697 798 Πέρσῃσί
739 723 864 780 ε’στι
905 718 1232 800 Αἴγυπτος.)
1312 717 1354 795 ἦ
1394 718 1454 779 δὲ
1496 718 1655 798 ἑτέρη
1695 719 1864 784 πόλις

257 804 440 866 δοκέει
464 831 564 884 μοι
586 806 653 868 τὰ
674 804 886 883 οὕνομα
907 807 1054 886 ἔχειν
1078 805 1191 870 ‹in-6
1210 810 1311 867 τοῦ
1334 812 1560 868 Δαναοῦ
1577 810 1861 889 γαμβροῦ,

256 891 607 973 Ἀρχάνδρου
645 897 748 957 τοῦ
787 895 978 966 Φθίου,
1018 898 1123 955 τοῦ
1153 893 1407 974 Ἀχαιοῦ·
1451 895 1710 956 καλέεται
1747 895 1861 978 γιίρ

258 981 332 1059 δὴ
375 980 721 1062 Ἀρχάνδρου
773 982 959 1047 πόλις.
1042 983 1128 1061 εἴη
1182 981 1230 1042 δ’
1282 1009 1351 1043 αν
1404 983 1497 1042 καὶ
1549 982 1729 1047 αλλος
1776 1008 1862 1048 τις

248 1068 621 1149 ἩΑρχανδρος
663 1069 729 1131 οὗ
752 1071 945 1148 μέντοι
968 1096 1036 1151 γε
1060 1069 1368 1152 Αἷγυπτιον
1391 1070 1459 1131 τὰ
1486 1068 1714 1149 οὕνομα.

341 1158 534 1238 Μέχρι
572 1160 678 1236 μὲν
717 1157 918 1219 τούτου
960 1158 1090 1272 ὄψις
1171 1185 1198 1218 ε
1245 1159 1352 1236 ἐμη
1396 1159 1489 1217 καὶ
1531 1156 1727 1239 γνώμη
1770 1183 1862 1219 και
1840 1117 1989 1242 “99ιξ

256 1247 485 1324 ἱστορίη
509 1251 687 1308 ταῦτα
712 1246 1019 1328 λέγουσᾶ.’
993 1272 1063 1307 εσ
1022 1185 1233 1307 τίε-
1164 1273 1232 1308 το
1262 1245 1386 1306 δὲ’
1349 1246 1465 1314 απὸ
1494 1245 1675 1316 τοῦδε,
1694 1250 1863 1327 Αἷγυ-
1978 1265 1987 1284 ⁴

254 1335 456 1397 πτίους
481 1337 717 1414 ἔρχομαι
741 1334 999 1417 λόγους’
974 1336 1140 1413 ερέων
1167 1361 1310 1396 κατα
1327 1334 1400 1396 τοὶ
1418 1333 1641 1411 ἤκουον·
1682 1360 1862 1412 προσ-

254 1421 427 1483 έσται
454 1422 512 1483 δὲ
539 1422 770 1484 αὐτοῖσί
788 1450 845 1486 τι
871 1424 965 1484 καὶ
989 1427 1091 1499 τῆς
1129 1427 1267 1500 ἔμῆς
1297 1422 1478 1501 ὄψιος.
1558 1421 1661 1483 τᾶν
1687 1426 1863 1499 Μῆνα

250 1510 361 1572 τόν
386 1515 604 1588 πρῶτον
630 1510 1064 1589 βασιλεύσαντα
1091 1511 1395 1593 Αἰγύπτου,
1421 1514 1474 1572 οἱ
1503 1510 1641 1589 ἱρέες
1667 1510 1863 1592 ἔλεγον

248 1602 431 1661 τοῦτο
481 1602 584 1676 μὲν
637 1599 1085 1682 ἀπογεφυρῶσαι
1133 1601 1226 1659 καὶ
1270 1598 1377 1676 τήν
1423 1598 1864 1677 Μέμφιν-τᾶν

250 1688 372 1769 γοὶρ
398 1689 658 1765 ποταμόν
682 1690 867 1751 πάντα
890 1690 1037 1767 ῥέειν
1055 1688 1210 1766 παρὰ
1233 1687 1300 1749 vd
1329 1686 1459 1765 ὅρος
1480 1688 1547 1749 τό
1576 1687 1863 1767 ψάμμινον

250 1774 403 1853 πρός
427 1774 663 1853 Λιβύης,
703 1777 804 1838 τὸν
836 1777 897 1837 δὲ
929 1780 1105 1852 Μῆνα
1136 1774 1360 1847 ἄνωθεν,
1395 1775 1537 1838 ὅσον
1569 1801 1632 1836 τε
1670 1773 1865 1836 ἑκατόν

253 1863 525 1929 σταδίους
538 1863 651 1926 οἷπδ
669 1865 955 1942 Μέμφιος,
975 1864 1075 1926 τὸν
1095 1863 1237 1943 πρὸς
1254 1864 1623 1943 μεσαμβρίης
1641 1861 1866 1944 ἀγκῶνα

253 1951 700 2031 προσχώσαντα,
740 1953 807 2014 τὰ
847 1955 951 2030 μὲν
982 1951 1220 2033 ἀρχαῖον
1250 1954 1480 2031 ῥέεθρον
1519 1950 1866 2029 ἅποξηράναι

248 2040 363 2101 τᾶν
407 2040 469 2101 δὲ
509 2040 767 2118 ποταμόν
812 2040 1126 2121 ὀχετεῦσαι,
1170 2040 1236 2101 τὰ
1282 2041 1462 2118 μέσον
1505 2042 1617 2100 τῶν
1664 2036 1868 2115 οὐρέων

249 2129 425 2206 ῥέειν·
467 2129 547 2190 ἔτι
571 2129 632 2190 δὲ
659 2130 752 2189 καὶ
776 2133 874 2191 νῦν
898 2128 1009 2190 Ger&
1016 2129 1301 2241 ιΠερσέων
1316 2127 1348 2188 6
1367 2127 1552 2209 οἷγκών
1579 2124 1739 2189 οὗτος
1762 2130 1865 2188 τοῦ

251 2216 553 2277 Νείλου
519 2244 582 2281 ος
621 2216 967 2299 ἀπεργμένος
1004 2218 1119 2295 ῥέει
1162 2220 1221 2276 ε’ν
1253 2218 1549 2294 φυλακῇσι
1577 2212 1873 2294 μεγάλῃσι,

252 2306 467 2384 ἔχεται,
495 2305 898 2383 φρασσόμενος
925 2304 1031 2366 α’να
1060 2308 1175 2365 πᾶν
1202 2306 1340 2368 ἔτος·
1384 2306 1433 2363 εἲ
1465 2301 1577 2386 γὰρ
1607 2300 1867 2376 ἐθελήσει

248 2391 437 2469 ῥήξας
473 2393 789 2471 υπερβῆναι
829 2393 861 2454 6
889 2393 1155 2470 ποταμὸς
1191 2391 1382 2469 ταύτῃ,
1421 2388 1665 2451 κινδυνος
1704 2387 1866 2468 πάσῃ

250 2479 492 2557 Μεμφι
499 2483 1010 2558 κατακλυσθῆναί’
982 2507 1124 2542 εστι·
1126 2507 1282 2545 -ως
1307 2480 1368 2540 δὲ
1392 2481 1470 2558 τῷ
1496 2480 1653 2553 Μῆνι
1687 2475 1866 2557 τούτω

246 2571 340 2648 τῷ
380 2568 577 2650 πρώτω
617 2569 895 2651 γενομένω
936 2569 1210 2682 βασιλέῖ,ἱ
1219 2568 1431 2648 χέρσον
1469 2564 1760 2648 γεγονέναι
1796 2564 1866 2626 τὰ

249 2655 633 2738 απεργμένον,
654 2662 822 2719 τοῦτο
846 2660 951 2735 μὲν
977 2662 1037 2718 έν
1063 2655 1212 2737 αὐτῷ
1235 2658 1406 2717 πόλιν
1425 2656 1617 2717 κτίσαι
1640 2653 1865 2732 ταύτην,

249 2744 387 2822 ἦτις
419 2749 516 2806 νῦν
543 2745 781 2824 Μέμφις
810 2746 1087 2807 καλέεται·
1131 2746 1255 2807 ἔστι
1286 2743 1400 2827 γοῖρ
1438 2743 1530 2805 καὶ
1563 2742 1603 2819 ἤ
1631 2743 1868 2820 Μεμφις

251 2838 321 2896 ἐν
348 2837 426 2913 τῷ
450 2839 650 2914 στεινῷ
674 2837 776 2911 τῆς
808 2833 1115 2915 Αἰγύπτου·
1155 2833 1354 2904 ἔξωθεν
1391 2833 1454 2894 δὲ
1483 2829 1658 2909 αὗτῆς
1685 2856 1872 2909 περιο·

251 2918 426 2999 ρύξαι
465 2921 727 2999 λίμνην’
701 2949 762 2983 εκ
802 2926 903 2983 τοῦ
941 2926 1206 2998 ποταμοῦ
1244 2922 1386 2998 πρός
1423 2919 1637 2998 βορέην
1674 2944 1738 2979 τε
1778 2918 1871 2977 καὶ

249 3007 403 3086 πρός
430 3011 695 3088 ἕσπέρην·
731 3009 801 3072 τὰ
837 3037 949 3092 γαρ
984 3007 1129 3086 πρὸς
1166 3007 1271 3084 τήν
1294 3007 1379 3083 ἧω
1410 3006 1577 3069 αὐτᾶς
1600 3005 1634 3066 6
1661 3008 1872 3069 Νεῖλος

249 3095 517 3179 οἷπέργει·
555 3102 725 3159 τοῦτο
765 3099 842 3168 δὲ,
882 3101 984 3159 τοῦ
1019 3095 1348 3170 Ἡφαίστου
1387 3093 1455 3154 τό
1494 3092 1613 3168 ἶρόν
1649 3090 1871 3168 ἱδρύσα-

251 3186 405 3248 σθαι
452 3192 513 3247 ἐν
561 3186 721 3265 αὐτῇ,
764 3186 856 3246 ε’ὁν
896 3184 1046 3265 μέγα
1083 3207 1147 3241 τε
1195 3181 1288 3240 καὶ
1310 3178 1870 3291 ἀξιαπηγητότατον.

251 3273 469 3400 ’.δίετα3
484 3275 548 3335 δὲ
598 3278 815 3345 τοῦτον,
859 3272 1183 3432 κατέλεγον
1211 3271 1266 3329 οἱ
1309 3268 1448 3346 ἱρέες
1489 3271 1552 3326 ἐκ
1598 3265 1832 3394 βύβλου
1852 3266 1970 3325 100

442 3355 784 3489 3Xgom
858 3371 968 3446 2341.
1233 3419 1287 3432 ‘·
1362 3407 1497 3454 ko:
