2184 3517
310 101 404 149 336
917 97 1290 146 ἫΡοΔοΤοτ
1781 70 1909 161 [fV.

303 176 612 253 ποιήσουσι
649 177 722 236 τοὶ
761 175 1024 255 Σκύθῃσί
1059 179 1184 236 ἐστι
1224 179 1283 234 ἐν
1321 174 1513 253 ἡδονῇ.
1593 178 1774 234 ταῦτα
1806 178 1916 251 μὲν

302 266 662 344 προσέθηκαν
695 267 767 342 τῇ
801 262 1015 344 γνώμῃ·
1057 263 1201 340 μετὰ
1238 263 1313 332 δὲ,
1343 268 1404 321 ἐκ
1438 261 1660 322 πάντων
1690 263 1916 340 ὑπεκρί-

306 380 440 417 νατο
465 353 730 416 Ἱστιαῖος
754 351 886 411 τάδε
912 352 1112 432 λέγων·
1155 362 1189 386 “
1208 349 1400 428 ἄνδρες
1426 350 1655 420 Σκύθαι,
1680 352 1917 430 χρηστοὶ

306 441 470 518 ἥκετε
516 443 780 520 φέροντες
834 441 925 500 καὶ
941 445 1029 504 ’ἐς
1082 439 1277 517 καιρὸν
1323 440 1636 520 ἐπείγεσθε·
1698 441 1793 500 καὶ
1842 467 1920 500 τα

305 555 369 589 τε
421 529 516 589 ἀπ’
561 528 739 606 ὑμέων
785 528 921 606 ἡμῖν
966 532 1229 608 χρηστῶς
1275 527 1502 588 ὁδοῦται
1547 529 1641 587 καὶ
1686 527 1761 588 τοὶ
1813 527 1919 588 ἀπ’

306 617 491 695 ἤμέων
542 623 598 680 ἐς
647 617 818 693 ύμέας
871 617 1167 693 ἐπιτηδέως
1217 616 1595 693 ύπηρετέεται·
1666 616 1740 680 (εἷς
1797 616 1920 697 γὰρ

307 705 489 783 ὁρᾶτε,
526 706 617 763 καὶ
649 705 858 781 λύομεν
887 706 987 766 τόν
1017 704 1196 783 πόρον
1232 706 1327 765 καὶ
1363 706 1678 783 προθυμίην
1713 708 1920 765 πᾶσαν

312 794 540 870 ἕξομεν,
572 794 831 857 θέλοντες
880 793 1019 854 εἶναι
1072 793 1373 871 ἐλεύθεροι·
1430 799 1490 854 ἐν
1536 791 1577 872 ᾧ
1631 793 1690 853 δὲ
1743 792 1922 870 ἡμέες

307 882 438 942 τάδε
484 881 709 958 λύομεν,
742 881 915 959 ύμέᾳς
957 881 1147 959 καιρός
1188 886 1313 942 ἐστι
1355 881 1613 958 δίζησθαι
1655 882 1922 957 ἐκείνους,

310 969 568 1049 εὑρόντας
601 970 676 1039 δὲ,
704 970 844 1048 ὑπέρ
875 996 937 1030 τε
970 970 1156 1046 ἡμέων
1180 970 1273 1029 καὶ
1297 969 1477 1047 ὑμέων
1507 969 1685 1029 αὐτῶν
1707 971 1924 1029 τίσασ-

311 1059 405 1118 θαι
432 1058 601 1122 οῧτωσς
627 1057 699 1121 ὥς
724 1059 933 1122 κείνους
957 1056 1209 1137 πρέπει.”

221 1148 332 1205 140
394 1147 606 1211 Σκύθαι
628 1149 733 1224 μὲν
749 1145 816 1207 τὸ
844 1145 1099 1224 δεύτερον
1114 1146 1279 1206 Ἴωσι
1301 1145 1704 1208 πιστεύσαντες
1722 1146 1930 1226 λέγειν

309 1233 544 1311 ἀληθέα,
572 1234 933 1313 ὑπέστρεφον
970 1235 1062 1294 ἐπὶ
1092 1233 1328 1310 ζήτησιν
1352 1238 1462 1294 τῶν
1487 1233 1774 1311 Περσέων·
1819 1226 1924 1292 καὶ

309 1322 631 1401 ἡμάρτανον
670 1323 861 1400 πάσης
899 1326 1001 1399 τῆς
1041 1323 1258 1398 ἐκείνων
1298 1321 1562 1395 διεξόδου.
1643 1322 1811 1381 αἴτιοι
1858 1322 1926 1381 δὲ

310 1410 512 1472 τούτου
560 1411 721 1471 αὐτοὶ
769 1415 822 1471 οἱ
865 1411 1078 1476 Σκύθαι
1121 1410 1393 1490 ἐγένοντο,
1435 1408 1536 1473 τοὶς
1581 1409 1755 1486 νομαῖς
1797 1414 1922 1470 τῶν

315 1499 495 1558 ἵππων
532 1499 634 1562 τοὶς
671 1499 847 1577 ταύτῃ
888 1498 1306 1574 διαφθείραντες
1344 1497 1440 1556 καὶ
1466 1496 1540 1557 τὰ
1569 1496 1741 1565 ὕδατα
1773 1523 1922 1578 συγ·

310 1585 612 1664 χώσαντες·
656 1591 704 1646 εἶ
742 1587 851 1668 γὰρ
893 1590 1068 1646 ταῦτα
1107 1586 1188 1663 μή
1231 1586 1520 1661 ἐποίησαν,
1563 1589 1796 1662 παρεῖχε
1845 1584 1923 1645 ἄν

314 1681 443 1750 σφι,
473 1678 521 1734 εἶ
557 1674 891 1752 ἐβούλοντο,
920 1672 1186 1736 εὐπετέως
1212 1673 1475 1748 ἐξευρέειν
1501 1671 1630 1735 τούς
1661 1673 1920 1748 Πέρσας·

313 1766 410 1822 νῦν
451 1762 526 1833 δὲ,
562 1762 635 1823 τά
679 1768 792 1839 σφι
836 1760 1020 1821 ἐδόκεε
1061 1761 1268 1837 ἄριστα
1304 1761 1734 1837 βεβουλεῦσθαι
1770 1760 1924 1819 κατ-οὶ

313 1854 488 1910 ταῦτα
520 1850 882 1927 ἐσφάλησαν.
966 1849 1179 1914 Σκύθαι
1217 1848 1321 1925 μέν
1360 1874 1457 1910 νυν
1495 1853 1596 1924 τῆς
1636 1848 1925 1925 σφετέρης

315 1938 497 2017 χώρης
521 1944 594 2016 τῇ
617 1938 783 2018 χιλός
806 1964 870 1998 τε
894 1942 1052 1999 τοῖσι
1079 1938 1306 1997 ἵπποισι
1332 1938 1425 1999 καὶ
1444 1936 1617 1997 ὕδατα
1636 1935 1720 2012 ἦν,
1740 1935 1925 2016 ταύτῃ

315 2026 604 2097 διεξιόντες
665 2026 912 2103 ἐδίζηντο
958 2052 1089 2089 τους
1142 2025 1585 2102 ἀντιπολεμίους,
1634 2025 1926 2088 δοκέοντες

317 2115 409 2173 καὶ
443 2117 679 2178 ἐκείνους
719 2114 808 2173 δια
841 2113 1108 2174 τοιούτων
1132 2113 1237 2189 τὴν
1263 2112 1579 2190 ἀπόδρησιν
1604 2112 1924 2172 ποιέεσθαι·

319 2206 372 2264 οἱ
414 2204 472 2263 δὲ
516 2203 584 2279 δη
641 2204 867 2287 Πέρσαι
915 2202 1017 2263 τὸν
1057 2201 1331 2280 πρότερον
1372 2204 1582 2261 ἑωυτῶν
1619 2199 1927 2280 γενόμενον

318 2294 541 2368 στῆθον,
568 2295 767 2353 τοῦτον
808 2288 1208 2368 φυλασσοντες
1245 2289 1417 2365 ἤϊσαν
1457 2288 1549 2348 καὶ
1581 2286 1722 2347 οὕτω
1753 2286 1929 2368 μόγις

323 2378 484 2458 εὗρον
521 2380 622 2441 τᾶν
660 2378 855 2457 πόρον·
897 2378 989 2438 οἶα
1031 2377 1089 2436 δὲ
1130 2376 1326 2441 νυκτός
1363 2403 1427 2436 τε
1466 2374 1795 2451 ἀπικόμενοι
1827 2376 1929 2434 καὶ

319 2470 629 2579 λελυμένης
657 2471 758 2543 τῆς
790 2466 1040 2549 γεφύρης
1072 2464 1407 2543 ἐντυχόντες,
1438 2469 1492 2526 ἐς
1525 2465 1721 2522 πᾶσαν
1747 2460 1927 2539 οἷρρω·

320 2556 442 2633 δίην
482 2556 720 2616 ἀπίκατο
764 2554 846 2633 μή
887 2560 1072 2631 σφεας
1121 2579 1175 2611 οι
1218 2551 1404 2614 Ἴωνες
1447 2552 1579 2610 ἔωσι
1619 2548 1926 2609 ἀπολελοι-

229 2647 335 2704 141
361 2644 545 2707 πότες.
612 2642 732 2703 Ἠν
787 2643 846 2702 δὲ
910 2641 1039 2719 περὶ
1091 2643 1333 2719 Δαρεῖον
1399 2636 1540 2715 ἀνὴρ
1599 2636 1927 2718 Αἰγύπτιος,

320 2731 545 2807 φωνέων
578 2731 851 2810 μέγιστον
885 2727 1204 2807 ἀνθρώπων·
1244 2731 1446 2787 τοῦτον
1472 2724 1588 2807 [δὴ]
1619 2723 1718 2785 τὸν
1748 2723 1928 2801 ἄνδρα

322 2817 678 2878 καταστάντα
726 2817 816 2876 ἐπὶ
861 2822 965 2876 τοῦ
1005 2817 1225 2896 χείλεος
1263 2819 1367 2875 τοῦ
1400 2812 1650 2892 Ἴστρου,
1696 2812 1926 2871 ἐκέλευε

321 2909 558 2982 Δαρεῖος
610 2905 830 2964 καλέειν
885 2904 1157 2963 Ἱστιαῖον
1210 2903 1524 2979 Μιλήσιον.
1609 2899 1640 2963 ὅ
1693 2902 1797 2977 μὲν
1851 2899 1924 2975 δὴ

320 2993 500 3049 ἐποίεε
544 2995 738 3049 ταῦτα·
799 2991 1065 3052 Ἱστιαῖος
1111 2991 1172 3049 δὲ
1224 2990 1546 3052 ἐπακούσας
1596 2991 1673 3067 τῷ
1724 2988 1927 3066 πρώτῳ

321 3074 679 3150 κελεύσματι,
713 3076 813 3139 τάς
850 3103 912 3136 τε
953 3077 1078 3139 νέας
1118 3077 1345 3140 ἁπάσας
1384 3080 1619 3154 παρεῖχε
1660 3075 1926 3151 διαπορθ-

318 3160 503 3234 μεύειν
568 3160 671 3234 τὴν
738 3162 1008 3237 στρατιὴν
1075 3164 1169 3220 καὶ
1183 3191 1194 3203 ·
1233 3164 1342 3237 τήν
1402 3165 1657 3244 γέφυραν
1726 3156 1928 3232 ἔζευξε.

231 3248 342 3303 142
365 3247 589 3320 Πέρσαι
619 3249 723 3321 μὲν
749 3246 824 3306 ὧν
856 3247 996 3306 οὕτω
1033 3249 1393 3330 ἐκφεύγουσι·
1437 3249 1649 3316 Σκύθαι
1686 3249 1749 3309 δέ
1779 3247 1930 3324 ὃιζή*
