2184 3517
298 108 396 159 176
910 109 1282 159 mmmmm
1794 105 1897 172 [11.

294 184 558 252 Ἀνύσιος
588 186 804 259 πόλιος,
829 192 911 268 τῷ
944 187 1156 266 οὕνομα
1174 187 1417 250 Ἀνυσιν
1446 186 1605 249 εἶναι·
1646 187 1741 249 ἐπὶ
1777 186 1903 247 τοῦ-

297 297 399 333 του
425 274 835 349 βασιλεύοντος
860 275 1066 335 ἐλάσαι
1105 274 1189 335 ἐπ’
1215 276 1503 357 Αἴγυπτον
1524 276 1674 355 χειρὶ
1706 277 1904 353 πολλῇ

298 361 570 426 Αἰθίοπάς
608 388 671 423 τε
711 363 804 422 καὶ
846 364 1127 438 Σαβακῶν
1162 361 1264 423 τὸν
1301 361 1588 423 Αἰθιόπων
1624 361 1902 438 βασιλέα·

295 447 398 508 τόν
426 451 531 526 μὲν
566 449 635 525 δὴ
661 449 884 526 τυφλὸν
908 454 1109 510 τοῦτον
1137 451 1396 529 οἴχεσθαι
1429 448 1713 530 φεύγοντα
1750 454 1806 512 ἐς
1831 448 1906 508 τά

302 535 452 594 ἕλεα·
493 535 593 596 τᾶν
619 537 679 596 δὲ
704 538 953 597 Αἰθίοπα
986 536 1322 613 βασιλεύειν
1347 535 1639 617 Αἰγύπτου
1671 532 1756 595 ἐπ’
1782 537 1908 595 ἔτεα

300 621 661 698 πεντήκοντα·
704 629 765 685 ἐν
786 629 942 685 τοῖσι
967 624 1139 686 αὗτόν
1161 623 1296 685 τάδε
1321 621 1727 694 ἀποδέξασθαι·
1768 622 1909 688 ὅκως

286 712 410 776 ,τῶν
447 735 533 775 τις
571 713 890 792 Αἰγυπτίων
928 712 1170 790 ἁμάρτοι
1207 737 1280 781 τι,
1316 712 1544 772 κτείνειν
1581 713 1688 788 μὲν
1727 709 1910 771 αὐτῶν

306 795 502 857 οὐδένα
528 798 758 859 ἐθέλειν·
798 799 899 860 τόν
925 799 985 859 δὲ
1005 799 1145 860 κατὰ
1169 799 1418 880 μέγαθος
1439 802 1541 859 τοῦ
1567 797 1910 875 ἀδικήματος

304 883 518 965 ἑκάστῳ
543 885 796 959 δικάζειν,
824 886 1208 948 ἐπιτάσσοντα
1242 886 1480 967 χώματα
1505 889 1646 967 χοῦν
1668 885 1814 965 πρός
1837 890 1910 966 τῇ

304 975 515 1034 ἑωυτῶν
539 973 685 1035 πόλι
712 975 841 1037 ὅθεν
882 976 1119 1041 ἕκαστος
1156 974 1229 1052 ἦν
1251 979 1363 1036 τῶν
1387 973 1728 1035 ἀδικεόντων.
1816 974 1911 1033 καὶ

306 1059 448 1119 οὕτω
473 1062 558 1121 ἔτι·
580 1065 637 1122 αἰ
661 1062 857 1127 πόλιες
884 1064 1140 1144 ἐγένοντο
1164 1061 1532 1141 ὖψηλότεραι·
1571 1061 1639 1123 τό
1665 1059 1772 1138 μὲν
1795 1060 1908 1144 γάρ

305 1153 526 1224 πρῶτον
545 1150 882 1229 ἐχώσθησαν
906 1150 1017 1211 ὖπό
1041 1154 1155 1211 τῶν
1178 1150 1279 1214 τάς
1305 1148 1575 1228 διώρυχας
1600 1147 1911 1226 ὀρυξάντων

309 1236 402 1294 ἐπὶ
438 1236 793 1315 Σεσώστριος
826 1238 1122 1315 βασιλέος,
1150 1236 1377 1314 δεύτερα
1410 1235 1472 1297 δὲ
1499 1237 1594 1298 ἐπὶ
1623 1240 1727 1297 τοῦ
1754 1236 1909 1297 Αἰθί-

309 1346 447 1387 οπος
473 1325 565 1383 καὶ
591 1324 767 1402 κάρτα
792 1324 1010 1403 ῦψηλαὶ
1037 1326 1310 1406 ἐγένοντο.

387 1410 680 1489 Ὺψηλέων
705 1413 764 1472 δὲ
805 1414 899 1472 καὶ
934 1413 1132 1491 ἑτέρων
1163 1412 1530 1490 τασσομένων
1555 1416 1615 1473 ἐν
1642 1414 1715 1491 τῇ
1742 1412 1912 1493 Αἰγύ-

306 1522 428 1576 πτῳ
452 1498 682 1569 πολίων,
713 1498 782 1563 ὥς
815 1500 940 1577 ἐμοὶ
978 1501 1171 1571 δοκέει,
1196 1500 1453 1577 μάλιστα
1481 1503 1587 1578 μὲν
1611 1499 1914 1575 Βουβάστι

309 1582 450 1643 πόλι
497 1585 800 1664 ἐξεχώσθη,
850 1591 909 1647 ἐν
952 1592 1026 1666 τῇ
1074 1589 1168 1648 καὶ
1213 1587 1333 1665 ἷρόν
1377 1593 1502 1648 ἐστι
1552 1587 1915 1663 Βουβάστιος

313 1670 849 1754 ἀξιαπηγητότατον·
890 1675 1037 1751 μέζω
1076 1678 1181 1753 μὲν
1215 1676 1325 1757 γάρ
1362 1674 1519 1736 ἄλλα
1547 1676 1644 1735 καὶ
1667 1669 1915 1735 πολυδα-

311 1759 600 1839 πανώτερά
639 1766 763 1822 ἐστι
804 1761 911 1839 ἰρά,
944 1762 1121 1843 ἡδονῇ
1160 1763 1220 1823 δὲ
1262 1759 1477 1824 ἰδέσθαι
1518 1762 1676 1823 οὐδὲν
1713 1762 1916 1824 τούτου

312 1846 556 1924 μᾶλλον·
618 1848 657 1924 ἦ
696 1849 758 1908 δὲ
796 1849 1126 1923 Βοὴθαστις
1165 1851 1306 1910 κατὰ
1342 1849 1597 1909 Ἑλλάδα
1636 1850 1917 1931 γλῶσσάν

226 1936 337 1994 138
355 1939 478 1995 ἐστι
492 1933 775 2014 ”Αρτεμις.
856 1944 935 1998 Το
973 1937 1035 1997 δὲ
1076 1939 1198 2016 ἰρόν
1229 1937 1399 2014 αὖτῆς
1435 1935 1542 1998 ὦδε
1581 1938 1714 2017 ἔχει·
1758 1937 1918 2014 πλήν

313 2026 416 2098 τῆς
440 2022 656 2099 ἐσόδου,
683 2026 750 2086 τό
776 2024 926 2085 ἄλλο
953 2026 1127 2101 νῆσός
1153 2031 1294 2086 ἐστι·
1344 2031 1404 2086 ἐκ
1432 2024 1544 2106 γὰρ
1569 2030 1671 2086 τοῦ
1696 2027 1917 2085 Νείλου

315 2109 576 2190 διώρυχες
643 2113 925 2193 ἐσέχουσι,
977 2112 1044 2173 οὗ
1101 2114 1533 2194 συμμίσγουσαι
1598 2111 1914 2192 ἀλλήλῃσι,

315 2196 450 2258 ἀλλ’
477 2198 609 2279 ἄχρι
631 2206 733 2277 τῆς
757 2202 959 2263 ἐσόδου
982 2204 1085 2262 τοῦ
1114 2204 1234 2279 ἱροῦ
1261 2201 1490 2314 ἑκατέρη
1518 2201 1720 2279 ἐσέχει,
1748 2226 1786 2277 η
1809 2204 1918 2279 μὲν

317 2289 390 2366 τῇ
441 2290 830 2367 περιρρέουσα,
887 2315 925 2366 η
979 2289 1040 2349 δὲ
1088 2293 1181 2369 τῇ,
1243 2288 1400 2367 εῦρος
1456 2292 1632 2349 ἐοῦσα
1683 2291 1918 2367 ἑκατέρη

319 2375 516 2435 ἑκατὸν
540 2376 725 2438 ποδῶν
756 2377 1007 2454 δένδρεσι
1043 2376 1362 2441 κατάσκιος·
1400 2376 1475 2438 τοὶ
1501 2376 1561 2436 δὲ
1589 2376 1919 2453 προπύλαια

316 2461 456 2540 ὕψος
487 2466 593 2540 μὲν
627 2464 759 2524 δέκα
792 2464 1054 2545 ὀργυιέων
1078 2465 1219 2535 ἐστὶ,
1244 2464 1476 2525 τύποισι
1512 2464 1572 2524 δὲ
1606 2464 1919 2544 ἑξαπήχεσι

316 2550 679 2611 ἐσκευάδαται
714 2551 924 2621 ἀξίοισι
955 2551 1152 2633 λόγου·
1196 2551 1289 2613 ἐον
1315 2552 1362 2612 δ’
1390 2557 1449 2612 ἐν
1485 2553 1637 2631 μέσῃ
1668 2556 1742 2631 τῇ
1774 2552 1920 2613 πόλι

247 2654 253 2661 ·
317 2659 385 2695 το
424 2635 545 2712 ῖρον
581 2643 884 2715 κατορᾶται
922 2639 1201 2701 πάντοθεν
1223 2639 1508 2717 περιϊόντι·
1549 2639 1650 2700 ἅτε
1673 2640 1783 2721 γὰρ
1814 2645 1921 2716 τῆς

316 2720 517 2786 πόλιος
550 2726 656 2801 μὲν
681 2727 1098 2805 ἐκκεχωσμένης
1123 2726 1272 2806 υψοῦ
1305 2731 1408 2788 τοῦ
1445 2726 1539 2787 δἐ
1521 2731 1642 2805 ιροῦ
1684 2726 1749 2787 οὖ
1774 2753 1921 2788 κεκι-

317 2812 568 2887 νημένου,
597 2811 667 2876 ὥς
693 2812 939 2893 ἀρχῆθεν
965 2813 1203 2891 ἐποιήθη
1224 2814 1517 2876 ἔσοπτόν’
1492 2840 1634 2875 εστι·
1674 2815 1922 2891 περιθέει

411 2897 549 2959 α’ὖτο
602 2900 842 2978 αἰμασιή
898 2904 1322 3015 ἐγγεγλυμμένη
1366 2927 1616 2963 τυποισι·
1687 2902 1811 2962 ἔστι
1854 2902 1922 2962 δὲ

319 2984 525 3046 ἔσωθεν
598 2986 780 3051 ἄλσος
836 2988 1100 3067 δενδρέων
1155 2991 1438 3071 μεγιστων
1499 2988 1923 3066 πεφυτευμένον

318 3072 447 3145 περὶ
485 3073 620 3148 νηόν
656 3076 852 3156 μέγαν,
884 3081 945 3137 ἐν
981 3080 1059 3155 τῷ
1099 3077 1167 3153 δη
1206 3076 1481 3158 τῶγαλμα
1521 3080 1616 3138 ἔνι·
1661 3076 1819 3155 ευρος
1856 3077 1924 3137 δὲ

324 3156 417 3211 καὶ
453 3162 631 3231 μῆκος
663 3166 764 3220 τοῦ
798 3166 918 3239 ἱροῦ
956 3163 1141 3239 πάντη
1182 3165 1415 3223 σταδίου
1451 3165 1592 3225 ἐστι’·
1637 3164 1778 3225 κατυὶ
1812 3166 1926 3240 μὲν

320 3235 391 3310 δὴ
415 3239 521 3312 τήν
550 3244 818 3316 ἔσοδον,’
791 3249 1110 3325 εστρωμένη
1136 3251 1262 3309 ἐστὶ
1287 3249 1417 3314 οδός
1452 3252 1616 3313 λίθου
1652 3252 1746 3312 ἐπὶ
1777 3277 1928 3314 στα-
