2184 3517
346 99 443 148 140
969 100 1338 151 ἩΡοΔοτοΤ
1857 96 1964 164 [11.

343 177 723 241 ἀποδέδεκται.
804 181 870 241 τό
898 179 944 239 δ’
972 179 1040 240 ἄν
1074 206 1161 244 τις
1194 184 1306 240 τῶν
1333 179 1537 256 θηρίων
1567 175 1780 239 τούτων
1816 177 1965 239 α’πο-

346 267 544 347 κτείνῃ,
570 266 641 344 ἢν
665 270 770 345 μὲν
796 266 948 339 eman,
979 267 1218 332 θάνατος
1248 266 1287 345 ἦ
1326 267 1515 344 ζημίη·
1556 264 1628 341 ἢν
1664 266 1724 325 δὲ
1761 257 1965 338 ἀέκων,

344 353 595 415 ἀποτίνει
622 357 823 432 ζημίην
848 355 953 431 τήν
990 353 1059 414 ἂν
1097 358 1151 414 οἱ
1187 355 1325 433 ἱρέες
1350 353 1642 423 τάξωνται.
1725 352 1790 417 ὃς
1815 353 1868 413 δ’
1896 352 1968 415 ἂν

343 442 465 519 ’ίβιν
504 441 542 520 ἢ
583 444 749 521 ἴρηκα
785 443 1102 522 ἀποκτείνῃ,
1150 442 1222 518 ἦν
1267 467 1330 502 τε
1372 441 1507 501 ἐκῶν
1547 439 1617 517 ἦν
1659 467 1723 501 τε
1763 439 1963 514 οἷέκων,

249 533 325 591 66
343 531 604 592 τεθνάναι
657 529 890 613 ἀνάγκη·
973 533 1224 591 Πολλῶν
1263 530 1325 590 δὲ
1365 529 1563 591 ἐόντων
1616 526 1965 606 ὁμοτρόφων

279 613 284 616 ⁴
344 621 498 679 τοῖσι
524 617 870 697 ἀνθρώποισι
892 619 1111 698 θηρίων,
1132 621 1333 696 πολλῷ
1350 615 1420 678 ἂν
1440 617 1521 677 ἔτι
1540 616 1697 676 πλέω
1723 617 1962 698 ἐγίνετο,

345 710 393 766 εἰ
430 706 512 783 μή
555 706 954 783 κατελάμβανε
992 706 1124 771 τοῦς
1169 705 1492 783 αἰελούρους
1537 703 1744 766 τοιάδε·
1788 705 1964 767 ἐπεοῖν

341 795 545 855 τέκωσι
584 798 644 854 αἱ
684 794 904 873 θήλεαι,
945 793 1131 855 οὐκέτι
1171 795 1466 870 φοιτέουσι
1505 791 1659 870 παρὰ
1698 793 1834 857 τούς
1876 795 1960 871 ἔρ-

345 906 530 947 σενας·
573 885 628 942 οἳ
654 882 714 942 δὲ
734 881 1016 959 διζήμενοι
1041 882 1358 964 μίσγεσθαι
1377 878 1584 959 αὐτῇσι
1609 879 1710 940 οὐκ
1737 881 1961 961 ἔχουσι·

343 969 487 1047 πρός
543 969 619 1031 ὦν
655 972 834 1031 ταῦτα
874 972 1212 1048 σοφίζονται
1250 968 1403 1030 τάδε·
1447 967 1791 1046 ἁρπάζοντες
1843 968 1961 1031 οἷπό

341 1062 452 1118 τῶν
492 1059 709 1136 θηλέων
749 1059 843 1119 καὶ
887 1058 1280 1136 ὖπαιρεόμενοι
1324 1057 1398 1118 ταῖ
1443 1059 1610 1118 τέκνα
1653 1058 1959 1119 κτείνουσι·

344 1147 651 1213 κτείναντες
674 1150 866 1225 μέντοι
893 1146 959 1208 οὗ
984 1149 1303 1208 πατέονται·
1346 1148 1407 1205 αἱ
1433 1145 1494 1206 δὲ
1518 1144 1960 1222 στερισκόμεναι

341 1238 452 1295 τῶν
490 1237 692 1297 τέκνων
729 1234 922 1296 ἄλλων
962 1234 1023 1294 δὲ
1064 1234 1483 1312 ἐπιθυμέουσαι,
1511 1230 1653 1293 οὕτω
1693 1231 1766 1308 δὴ
1792 1231 1959 1294 οἷπικ·

342 1322 560 1384 νέονται
584 1323 740 1401 παρὰ
757 1323 887 1387 τους
913 1324 1160 1400 ἔρσενας·
1204 1320 1541 1399 φιλότεκνον
1560 1320 1621 1380 δὲ
1646 1319 1714 1381 τὸ
1737 1322 1955 1398 θηρίον·

340 1416 614 1489 πυρκαϊῆς
632 1411 692 1470 δὲ
710 1412 1026 1492 γενομένης,
1050 1411 1176 1471 θεῖα
1194 1409 1500 1489 πρήγματα
1521 1409 1957 1485 καταλαμβάνει

341 1496 472 1561 τούς
513 1498 856 1575 αἰελούρους·
898 1502 954 1559 οἰ
991 1500 1097 1576 μὲν
1134 1497 1246 1579 γοὶρ
1287 1496 1586 1578 Αἰγύπτιοι
1625 1496 1956 1563 διαστάντες

342 1585 601 1661 φυλακαῖς
634 1587 830 1666 ἔχουσι
859 1589 971 1647 τῶν
1004 1585 1323 1664 αἰελούρων,
1357 1584 1747 1662 ἀμελήσαντες
1778 1587 1953 1662 σβεν·

340 1671 496 1733 νύναι
528 1673 594 1734 τό
628 1673 940 1752 καιόμενον·
982 1677 1037 1734 οἱ
1073 1674 1135 1733 δὲ
1172 1675 1470 1751 αἰέλουροι,
1504 1671 1823 1737 διαδύοντες
1863 1676 1953 1735 καὶ

338 1759 826 1839 ὑπερθρώσκοντες
860 1762 990 1827 τούς
1022 1761 1363 1840 ἀνθρώπους,
1406 1761 1754 1821 ἐσάλλονται
1795 1767 1854 1827 ἐς
1886 1762 1951 1823 τὰ

340 1852 473 1926 πῦρ·
513 1853 692 1910 ταῦτα
730 1850 791 1910 δὲ
819 1851 1099 1932 γινόμενα,
1129 1851 1337 1911 πένθεα
1365 1848 1592 1931 μεγάλα
1624 1848 1758 1912 τούς
1785 1854 1952 1932 Αἰγυ-

338 1936 533 2000 πτίους
594 1938 1040 2016 καταλαμβάνει.
1125 1943 1184 1999 ἐν
1241 1937 1458 1999 ὁτέοισι
1507 1935 1555 1996 δ’
1601 1933 1670 1997 ἂν
1724 1939 1953 1999 οἰκίοισι

339 2025 628 2104 αἰέλουρος
647 2025 904 2106 α’ποθάνῃ
926 2025 1038 2087 α’πὸ
1062 2031 1165 2087 τοῦ
1193 2025 1527 2103 αὐτομάτου,
1546 2028 1600 2108 οξ.
1618 2027 1952 2090 ἐνοικέοντες

337 2112 538 2177 πάντες
559 2114 843 2193 ξυρέονται
867 2115 971 2180 τοὶς
996 2114 1212 2193 ὀφρύας
1235 2114 1460 2192 μούνας·
1502 2112 1633 2191 παρ’
1656 2112 1875 2175 ὁτέοισι
1901 2114 1947 2175 δ’

245 2198 320 2261 67
339 2197 409 2261 ἂν
447 2202 604 2274 κύων,
625 2207 747 2268 ,πᾶν
778 2204 845 2266 τό
883 2208 1050 2283 σῶμα
1084 2205 1177 2264 καὶ
1206 2203 1313 2280 τήν
1349 2202 1626 2280 κεφαλήν.
1706 2201 1950 2285 Ἀπαγέ-

339 2315 468 2349 αται
515 2291 576 2351 δὲ
619 2295 673 2352 οἱ
717 2294 998 2371 αἰέλουροι
1039 2291 1414 2355 ἀποθανόντες
1460 2295 1516 2354 ἐς
1560 2289 1681 2367 ῖροῖς
1723 2292 1946 2373 στέγας,

339 2377 470 2439 ἔνθα
512 2379 821 2443 θάπτονται
861 2381 1279 2461 ταριχευθέντες
1333 2383 1393 2440 ἐν
1442 2377 1748 2455 Βουβάστι
1789 2379 1947 2440 πόλι.

338 2466 438 2531 τᾶς
464 2467 523 2526 δὲ
550 2469 715 2534 κύνας
742 2475 801 2530 ἐν
826 2474 899 2549 τῇ
921 2472 1132 2530 ἔωυτῶν
1160 2469 1389 2529 ἔκαστοι
1413 2466 1556 2528 πόλί
1580 2466 1864 2527 θάπτουσι
1892 2473 1948 2528 ἐν

341 2555 497 2631 ἱρῇσι
546 2557 774 2635 θήκῃσι·
832 2558 905 2622 ὥς
945 2558 1005 2617 δὲ
1045 2556 1220 2621 αὕτως
1258 2560 1396 2635 τῇσι
1437 2556 1568 2615 κυσὶ
1608 2558 1663 2615 οἱ
1705 2556 1947 2635 ἰχνευταὶ

340 2639 659 2703 θάπτονται.
744 2643 845 2708 τὰς
888 2645 948 2704 δὲ
987 2645 1248 2726 μυγαλᾶς
1281 2643 1373 2702 καὶ
1403 2643 1533 2707 τούς
1573 2644 1772 2721 ἴρηκας
1809 2642 1946 2702 α’πά-

336 2753 508 2809 γουσι
550 2734 606 2794 ἐς
659 2736 910 2792 Βουτοῦν
955 2731 1146 2793 πόλιν·
1213 2731 1315 2796 τοῖς
1368 2732 1428 2791 δὲ
1470 2733 1591 2808 ἶβις
1637 2736 1693 2796 ἐς
1733 2731 1948 2809 Ἑρμέω

337 2815 529 2879 πόλιν·
585 2818 685 2885 τὰς
737 2820 798 2880 δὲ
851 2819 1087 2898 ἄρκτους
1130 2819 1331 2884 ἐούσας
1374 2820 1635 2891 σπανίας,
1680 2821 1776 2879 καὶ
1818 2818 1947 2882 τους

337 2903 539 2970 λύκους
592 2906 658 2967 ού
710 2911 909 2988 πολλιξ
961 2910 1067 2988 τέῳ
1115 2906 1306 2971 ἐόντας
1351 2907 1655 2980 ἀλωπέκων
1693 2908 1944 2985 μέζονας,

340 2989 509 3052 αὐτοῦ
536 2993 816 3057 θάπτουσι
842 3002 914 3076 τῇ
940 2994 1010 3057 ἂν
1038 2995 1334 3074 εὖρεθέωσι
1360 2994 1622 3072 κείμενοι.

246 3073 323 3131 68
418 3082 543 3139 Τῶν
583 3082 644 3141 δὲ
690 3086 1056 3161 κροκοδείλων
1100 3083 1139 3159 ἦ
1184 3083 1359 3161 φύσις
1402 3083 1528 3144 ἐστὶ
1567 3083 1776 3160 τοιήδε·
1819 3081 1947 3147 τούς

339 3169 798 3238 χειμεριωτάτους
821 3176 1003 3248 μῆνας
1027 3171 1307 3248 τέσσερας
1340 3171 1518 3232 ἐσθίει
1544 3170 1724 3231 ούδέν·
1769 3170 1862 3231 ἐὰν
1889 3170 1948 3230 δὲ

343 3247 668 3321 τετράπουν,
703 3261 974 3332 χερσαῖον
1013 3259 1108 3317 καὶ
1146 3257 1405 3333 λιμναῖόν
1445 3262 1591 3320 ἐστι·
1630 3260 1808 3320 τίκτει
1845 3259 1949 3336 μὲν
