2184 3517
317 122 613 188 135-137]
977 122 1307 173 ΕΤΤΕΡΠΗ.
1824 122 1922 178 175

310 200 579 263 Ἑλλάδα
618 202 851 283 ἐγένετο,
892 198 1083 278 ἧσσον
1123 202 1183 261 δὲ
1221 206 1324 277 τῆς
1360 206 1548 279 ἑτέρης
1587 204 1927 283 περιλεσχή-

312 313 531 357 νευτος·
613 288 873 366 Χάραξος
905 290 964 349 δὲ
992 289 1062 354 ὥς
1092 288 1410 365 λυσάμενος
1432 289 1704 351 Ῥοδῶπιν
1730 291 1925 352 οἷπενό-

313 404 510 454 στησε
577 383 633 442 ἐς
699 378 1048 454 Μυτιλήνην,
1103 382 1161 436 ἐν
1225 378 1390 453 μέλεϊ
1446 378 1667 453 Σαπφώ
1733 379 1928 439 πολλοὶ

314 466 774 545 κατεκερτόμησέ
820 492 939 544 μιν.
1018 463 1320 529 Ῥοδώπιος
1365 465 1471 543 μέν
1515 491 1613 526 νυν
1657 466 1786 544 πέρι
1830 467 1925 527 πέ-

310 580 556 631 παυμαι.

407 641 571 703 Mero)
597 642 659 703 δὲ
685 644 999 719 Μυκερῖνον
1023 640 1290 723 γενέσθαι
1316 639 1606 722 Αἰγύπτου
1632 642 1885 717 βασιλέα
1905 644 2019 705 136

314 730 523 809 &kerolt
562 733 618 792 οἶ
659 731 799 808 ἱρέες
845 729 1116 808 Σάσυχιν,
1161 728 1262 790 τᾶν
1306 728 1379 789 τοὶ
1423 727 1565 807 πρὸς
1606 728 1772 804 ἥλιον
1811 729 1925 791 ‹ivi-

313 843 543 896 σχοντα
594 821 833 894 ποιῆσαι
883 821 962 897 τῷ
1011 817 1316 896 Ἡφαίστῳ
1367 817 1709 895 προπύλαια,
1767 817 1928 880 ἐόντα

311 910 525 985 πολλῷ
546 932 609 967 τε
644 906 928 967 κάλλιστα
965 905 1057 965 καὶ
1094 909 1294 984 πολλῷ
1328 907 1588 986 μέγιστα.
1675 907 1790 984 ἔχει
1823 909 1927 984 μὲν

313 993 439 1074 γσῖρ
477 994 567 1054 καὶ
601 993 674 1054 τοὶ
711 993 893 1055 πάντα
930 993 1257 1070 προπύλαια
1286 992 1495 1056 τύπους
1526 1019 1589 1054 τε
1621 998 1926 1104 ἐγγεγλυμ-

313 1080 522 1156 μένους
547 1081 639 1139 καὶ
665 1079 850 1156 ἄλλην
869 1079 1001 1158 ὄψιν
1021 1078 1479 1192 οἰκοδομημάτων
1501 1080 1721 1155 μυρίην,
1746 1083 1926 1140 ε’κεῖνα

315 1168 389 1227 δὲ
427 1169 519 1227 καὶ
547 1172 741 1248 μακρῷ
777 1167 1105 1277 μαλιστα.
1136 1168 1229 1227 ε’πὶ
1263 1166 1464 1227 τούτου
1495 1166 1926 1275 βασιλεύοντος,

317 1256 538 1337 ἔλεγον,
564 1255 785 1332 οἷμιξίης
825 1255 1027 1331 ἐούσης
1056 1259 1284 1331 πολλῆς
1319 1254 1635 1334 χρημάτων,
1661 1255 1925 1336 γενέσθαι

316 1342 501 1419 νόμον
532 1344 911 1454 Αἰγυπτίοισι,
950 1342 1348 1410 ἀποδεικνύντα
1389 1343 1648 1422 ἐνέχυρον
1681 1345 1783 1402 τοῦ
1821 1368 1927 1402 πα-

314 1429 459 1507 τρός
493 1431 594 1492 τᾶν
625 1432 793 1492 νέκυν
824 1431 967 1492 οὕτω
1006 1429 1325 1540 λαμβάνειν
1349 1430 1416 1491 τὰ
1443 1431 1628 1510 χρέος·
1688 1455 1926 1507 προστε-

317 1519 492 1593 θῆναι
530 1519 659 1579 δὲ”
629 1545 709 1580 ετι
747 1519 923 1599 τούτῳ
961 1522 1041 1598 τῷ
1078 1519 1230 1599 νόμῳ
1268 1518 1444 1590 τόνδε,
1473 1517 1573 1579 τόν
1598 1516 1820 1578 διδόντα
1858 1517 1926 1579 τό

314 1607 491 1686 χρέος
535 1607 629 1668 καὶ
674 1606 901 1683 ἁπάσης
947 1606 1194 1683 κρατέειν
1223 1610 1341 1713 ’,τῆς
1385 1609 1487 1667 τοῦ
1533 1604 1928 1683 λαμβάνοντος

316 1693 657 1774 θήκης·τῷ
694 1696 755 1755 δὲ
794 1694 1112 1755 υποτιθέντι
1149 1697 1316 1755 τοῦτο
1355 1720 1423 1754 το
1465 1694 1725 1773 ἐνέχυρον
1763 1692 1928 1769 τήνδε

317 1786 536 1844 ἐπεῖναι
566 1783 775 1860 ζημίην
798 1781 880 1860 μή
919 1782 1254 1861 βουλομένῳ
1293 1780 1596 1843 αποδοῦναι
1633 1779 1701 1842 τὰ
1741 1780 1925 1859 χρέος,

315 1869 455 1948 μήτ’
480 1869 628 1950 αυτῷ
654 1872 838 1950 ἐκείνω
872 1868 1273 1945 τελευτήσαντι
1310 1869 1448 1929 εἶναι’
1471 1872 1661 1945 ταφῆς
1687 1871 1928 1946 κυρῆσαι

315 1957 455 2035 μήτ’
506 1964 567 2019 έν
613 1959 798 2037 ἐκείνῳ
846 1961 925 2037 τῷ
977 1957 1212 2037 πατρῴῳ
1264 1956 1428 2036 τάφῳ
1476 1955 1606 2034 μήτ’
1656 1961 1715 2016 έν
1767 1954 1928 2036 ἄλλῳ

315 2047 536 2123 μηδενὶ,
562 2046 706 2124 μήτε
745 2045 928 2106 ἄλλον
955 2045 1168 2123 μηδένα
1201 2048 1313 2105 τῶν
1353 2047 1554 2104 ἑωυτοῦ
1588 2042 1927 2125 απογενόμε·

319 2158 423 2194 νον
472 2134 671 2214 θάψαι.
751 2133 1185 2212 υπερβαλέσθαι
1223 2132 1284 2192 δὲ
1322 2131 1678 2209 βουλόμενον
1729 2135 1928 2193 τοῦτον

316 2220 424 2283 τᾶν
454 2224 732 2299 βασιλέα·
750 2222 881 2286 τους
920 2219 1194 2298 πρότερον
1219 2222 1420 2280 ἑωυτοῦ
1451 2219 1736 2293 βασιλέας
1772 2245 1928 2300 γενο-

316 2310 522 2387 μένους
568 2308 871 2392 Αἰγύπτου,
915 2308 1280 2386 μνημόσυνον
1319 2305 1606 2384 πυραμίδα
1657 2307 1928 2367 λιπέσθαι

319 2401 387 2458 ἐκ
430 2398 683 2459 πλίνθων
725 2397 1061 2472 ποιήσαντα·
1132 2400 1193 2459 ἐν
1231 2397 1303 2474 τῇ
1343 2393 1650 2474 γράμματα
1690 2397 1750 2454 ἐν
1785 2394 1929 2474 λίθῳ

319 2487 779 2565 ἐγκεκολαμμένα
817 2485 950 2545 τάδε
988 2482 1231 2565 λέγοντά
1271 2488 1414 2543 ε’στι·
1468 2487 1593 2542 ΜΗ
1636 2487 1750 2542 ΜΕ
1794 2486 1926 2541 KA-

316 2575 767 2639 ΤΟΝΟΣΘΗιΣ
808 2574 1021 2638 ΠΡΟΣ
1067 2574 1218 2638 TA}
1259 2572 1585 2636 ΛῙΘῙΝΑΣ
1627 2575 1930 2631 ΠΥῬΑΜ-

317 2663 533 2727 ῙΔΑΣ.
615 2666 940 2722 ΠΡΟΕΧΩ
966 2667 1116 2722 ΓΑΡ
1143 2665 1454 2720 ΑΥΤΕΩΝ
1492 2660 1926 2730 ΤΟΣΟΥΤΟΝ,

315 2749 558 2816 ὈΣΟΝ
581 2748 652 2809 Ὀ
694 2750 888 2814 ΖΕΥΣ
923 2753 1083 2809 ΤΩΝ
1112 2753 1385 2809 ΑΛΛΩΝ
1417 2752 1646 2809 ΘΕΩΝ.
1733 2753 1925 2807 ΚΟΝ-

318 2843 446 2898 Tot
508 2844 658 2899 ΓΑΡ
717 2837 1365 2916 ὙΠΟΤΥΠΤΟΝΤΕΣ
1425 2836 1526 2900 ΕΣ
1584 2840 1930 2905 ΑῙΜΝΗΝ,

315 2925 393 2986 ‘O
431 2932 511 2986 TI
553 2926 1008 2990 ΠΡΟΣΧΟῙΤΟ
1050 2930 1207 2984 ΤΟΥ
1251 2928 1534 2983 ΠΗΑΟΥ
1572 2927 1696 2982 ΤΩι
1736 2927 1928 2981 ΚΟΝ-

318 3019 445 3074 TO:
524 3019 776 3075 ΤΟΥΤΟ
859 3011 1441 3080 ΣΥΛΛΕΓΟΝΤΕΣ,
1519 3010 1928 3073 ΠΑΙΝΘΟΥΣ

316 3102 685 3171 ΕῙΡΥΣΑΝ,
733 3106 875 3161 ΚΑΙ
917 3106 1033 3160 ΜΕ
1076 3102 1366 3158 ΤΡΟΠΩι
1404 3099 1764 3156 ΤΟῙΟΥΤΩι
1805 3096 1930 3158 ΕΞ·

315 3190 766 3253 ΕΠΟΙΗΣΑΝ.
837 3191 1038 3249 τοῦτον
1059 3188 1165 3264 μὲν
1189 3186 1441 3245 τοσαῦτα
1467 3181 1869 3252 ἀποδέξασθαι.

404 3277 572 3337 Μετὰ
612 3276 675 3335 δὲ
710 3280 912 3336 τοῦτον
951 3276 1305 3351 βασιλεῦσαι
1345 3270 1520 3350 ἄνδρα
1563 3269 1788 3345 τυφλὸν
1826 3268 1890 3339 ἐξ
1908 3267 2023 3328 137
