2184 3517
308 88 376 137 94
474 82 478 85 “
925 94 937 111 '
946 89 1296 138 ΗΡΟΔΟΤΟΤ
1843 88 1913 155 [Ῑ.

306 164 525 238 πόλιος,
552 167 878 245 συνέβαλόν
900 193 964 229 τε
989 172 1044 228 οἱ
1070 166 1439 244 Βαβυλώνιοι,
1457 168 1553 228 καὶ
1579 169 1919 236 ἑσσωθέντες

305 257 380 333 τῇ
404 253 563 334 μάχῃ
590 256 1005 332 κατειλήθησαν
1031 261 1086 320 ἐς
1109 255 1177 316 vd
1207 255 1370 315 ἄστυ·
1415 257 1507 316 οἶα
1542 256 1604 315 δὲ
1629 256 1918 325 ἐξεπιστά-

305 367 464 421 μενοι
491 345 570 403 ἔτι
595 343 866 421 πρότερον
896 343 997 405 τὸν
1030 348 1222 421 Κῦρον
1249 343 1348 402 οὐκ
1377 343 1756 421 ἀτρεμίζοντα,
1783 344 1917 404 ἀλλ’

305 428 555 507 ὁρέοντες
580 429 749 491 αὐτὸν
773 433 941 492 παντὶ
966 432 1110 493 ἔθνεϊ
1136 430 1338 508 ὁμοίως
1365 432 1758 511 ἐπιχειρέοντα,
1779 458 1917 508 προ-

307 517 580 588 εσάξαντο
606 519 761 579 σιτία
788 520 949 580 ἐτέων
976 517 1154 597 κάρτα
1179 522 1430 578 πολλῶν.
1501 520 1736 579 ἐνθαῦτα
1761 518 1918 581 οὗτοι

303 607 410 683 μὲν
446 606 624 688 λόγον
663 606 817 686 εἶχον
844 611 948 683 τῆς
982 608 1313 685 πολιορκίης
1353 605 1566 667 οὐδένα·
1636 612 1825 686 Κῦρος
1856 610 1917 671 δὲ

303 692 574 774 ἀπορίῃσι
613 696 870 776 ἐνείχετο,
906 693 1004 755 ἅτε
1040 694 1249 774 χρόνου
1282 721 1347 755 τε
1381 697 1737 777 ἐγγινομένου
1772 722 1916 776 συχ-

303 785 402 841 νοῦ
433 781 682 860 ἀνωτέρω
711 809 774 844 τε
812 783 968 844 οὐδὲν
996 787 1109 843 τῶν
1141 782 1486 863 πρηγμάτων
1527 787 1915 862 προκοπτομέ-

215 870 321 928 191
344 894 468 930 νων.
546 871 681 931 Εἴτε
720 870 788 947 δή
833 871 905 932 ὧν
945 870 1126 935 ἄλλος
1166 874 1221 931 οἳ
1259 869 1555 949 ἀπορέοντι
1591 870 1915 948 ὑπεθήκατο

243 955 269 961 “
303 957 413 1018 εἴτε
453 959 545 1019 καὶ
584 958 751 1024 αὗτὸς
791 960 961 1038 ἔμαθε
1000 958 1068 1020 r&
1108 960 1370 1036 ποιητέον
1404 962 1460 1019 οἱ
1489 958 1576 1036 ἦν,
1617 961 1800 1021 ἐποίεε
1839 961 1913 1039 δή

300 1046 532 1108 τοιόνδε·
570 1047 741 1119 τάξας
762 1048 868 1126 τήν
894 1047 1164 1127 στρατιὴν
1182 1046 1414 1109 ἅπασαν
1441 1048 1504 1118 ἐξ
1527 1049 1783 1126 ἐμβολῆς
1804 1055 1913 1110 τοῦ

301 1139 558 1214 ποταμοῦ
581 1140 654 1216 τῇ
682 1142 738 1201 ἐς
761 1136 866 1214 τήν
883 1137 1053 1197 πόλιν
1081 1135 1381 1213 ἐσβάλλει,
1406 1135 1500 1196 καὶ
1523 1134 1729 1196 ὄπισθε
1754 1136 1912 1204 αὖτις

299 1227 403 1300 τῆς
439 1224 639 1290 πόλιος
676 1225 848 1296 τάξας
888 1225 1105 1303 ἐτέρους
1141 1228 1213 1304 τῇ
1246 1224 1377 1294 ἐξίει
1410 1229 1472 1283 ἐκ
1507 1229 1610 1300 τῆς
1639 1223 1841 1290 πόλιος
1872 1226 1910 1287 ὅ

300 1312 568 1390 ποταμὸς,
592 1318 825 1393 προεῖπε
858 1318 935 1393 τῷ
971 1317 1211 1392 στρατῷ,
1244 1312 1379 1372 ὅταν
1413 1311 1688 1388 διαβατόν
1715 1312 1783 1373 τό
1817 1314 1910 1392 ῥέ-

302 1401 465 1477 εθρον
489 1402 709 1462 ἴδωνται
731 1400 1045 1483 γενόμενον,
1073 1402 1283 1461 ἐσιέναι
1306 1399 1480 1480 ταύτῃ
1506 1404 1562 1464 ἐς
1584 1399 1690 1478 τήν
1713 1401 1906 1467 πόλιν.

302 1486 442 1548 οὕτω
471 1515 535 1550 τε
565 1490 634 1566 δὴ
666 1489 838 1560 τάξας
873 1490 966 1550 καὶ
1002 1489 1145 1550 κατοὶ
1178 1493 1355 1551 ταῦτα
1378 1491 1735 1568 παραινέσας,
1762 1489 1909 1569 ἀπή-

300 1579 471 1638 λαυνε
497 1576 664 1641 αὖτὸς
688 1578 797 1639 σῦν
821 1581 898 1656 τῷ
923 1577 1136 1658 ἀχρηΐῳ
1153 1583 1253 1639 τοῦ
1275 1581 1541 1655 στρατοῦ·
1573 1576 1910 1656 ἀπικόμενος

304 1663 365 1723 δὲ
396 1665 489 1724 ἐπὶ
517 1665 623 1742 τήν
656 1666 876 1742 λίμνην,
902 1664 975 1725 τοί
1000 1691 1107 1743 περ
1132 1664 1172 1742 ἦ
1196 1670 1307 1726 τῶν
1331 1666 1708 1742 Βαβυλωνίων
1729 1669 1908 1744 βασί-

298 1755 428 1812 λεια
470 1754 701 1831 ἐποίησε
747 1752 888 1813 κατά
927 1778 991 1814 τε
1035 1753 1137 1814 τὸν
1176 1752 1432 1832 ποταμόν
1479 1754 1573 1813 καὶ
1617 1754 1760 1816 κατοῖ
1799 1756 1909 1834 τήν

298 1841 518 1918 λίμνην,
561 1842 741 1901 ἐποίεε
775 1840 868 1900 καὶ
898 1840 931 1901 ὁ
958 1844 1147 1919 Κῦρος
1181 1842 1340 1919 ἔτερα
1374 1844 1624 1904 τοιαῦτα·
1663 1842 1763 1904 τὸν
1791 1844 1906 1926 γὰρ

299 1929 553 2007 ποταμὸν
597 1929 822 2009 διώρυχι
867 1929 1163 2011 ἐσαγαγών
1208 1934 1265 1992 ἐς
1305 1929 1409 2006 τὴν
1449 1931 1657 2008 λίμνην
1696 1935 1908 1993 ἐοῦσαν

303 2015 446 2088 ἕλος,
499 2016 567 2078 τὰ
617 2016 853 2097 ἀρχαῖον
894 2017 1122 2096 ῥέεθρον
1163 2016 1436 2094 διαβατὸν
1477 2017 1618 2079 εἶναι
1669 2020 1907 2097 ἐποίησε

298 2103 791 2182 ὑπονοστήσαντος
825 2109 928 2166 τοῦ
967 2109 1244 2182 ποταμοῦ·
1284 2105 1584 2187 γενομένου
1620 2107 1681 2167 δὲ
1703 2108 1906 2170 τούτου

298 2193 567 2266 τοιούτου,
596 2197 649 2254 οἱ
674 2195 899 2272 Πέρσαι
934 2195 1094 2273 οἷπερ
1121 2194 1420 2274 ἐτετάχατο
1446 2193 1531 2255 ἐπ’
1557 2193 1704 2274 αὐτῷ
1725 2196 1906 2279 τούτῳ

302 2282 441 2343 κατά
476 2283 544 2345 τὸ
579 2283 811 2362 ῥέεθρον
848 2286 950 2344 τοῦ
989 2282 1299 2362 Εὐφρήτεω
1330 2287 1605 2360 ποταμοῦ,
1641 2282 1905 2346 ὑπονενο-

299 2370 571 2447 στηκότος
595 2370 752 2449 ἀνδρὶ
778 2370 850 2436 ὥς
876 2376 933 2436 ἐς
953 2372 1135 2449 μέσον
1157 2370 1339 2449 μηρόν
1362 2369 1619 2448 μάλιστά
1645 2397 1731 2449 κη,
1759 2370 1904 2434 κατά

297 2463 466 2520 τοῦτο
492 2458 736 2539 ἐσῄεσαν
763 2465 819 2523 ἐς
840 2458 944 2536 τήν
964 2461 1302 2536 Βαβυλῶνα.
1342 2463 1390 2519 εἰ
1411 2459 1517 2536 μέν
1539 2485 1636 2520 νυν
1659 2462 1902 2537 προεπύ·

301 2547 466 2607 θοντο
510 2546 548 2623 ἢ
596 2549 803 2625 ἔμαθον
849 2552 904 2607 οἱ
944 2547 1304 2626 Βαβυλώνιοι
1347 2547 1414 2608 τὸ
1463 2553 1524 2607 ἐκ
1566 2552 1667 2608 τοῦ
1709 2548 1904 2627 Κύρου

297 2633 639 2712 ποιεύμενον,
681 2632 795 2695 οὐδ’
833 2633 903 2696 ἂν
941 2635 1277 2713 περιϊδόντες
1314 2633 1443 2699 τοῦς
1467 2636 1700 2714 Πέρσας
1740 2642 1902 2697 ἐσελ-

298 2722 416 2782 θεῖν
462 2726 518 2785 ἐς
556 2721 662 2798 τήν
705 2722 877 2783 πόλιν
922 2723 1242 2801 διέφθειραν
1289 2722 1546 2785 κάκιστα·
1604 2726 1902 2802 κατακληΐ-

298 2835 498 2875 σαντες
531 2809 643 2892 γσῖρ
679 2808 748 2870 ἂν
784 2810 976 2874 πάσας
1013 2810 1115 2874 τοὶς
1153 2816 1209 2875 ἐς
1245 2812 1346 2873 τᾶν
1383 2811 1640 2890 ποταμόν
1662 2813 1904 2880 πυλίδας

300 2897 555 2978 ἐχούσας,
585 2899 677 2958 καὶ
707 2897 866 2960 αὐτοὶ
902 2898 995 2960 ἐπὶ
1024 2898 1126 2964 τὰς
1155 2900 1425 2977 αἱμασιάς
1456 2898 1765 2976 ἀναβάντες
1798 2901 1904 2968 τοὶς

298 2985 452 3064 παρά
489 2987 564 3048 τὰ
599 2988 797 3067 χείλεα
833 2989 937 3047 τοῦ
975 2991 1234 3065 ποταμοῦ
1277 2988 1640 3064 ἐληλαμένας,
1685 2990 1903 3066 ἔλαβον

297 3072 368 3134 ἅν
391 3071 576 3150 σφεας
600 3075 672 3140 ὥς
696 3081 754 3136 ἐν
778 3075 966 3154 κύρτῃ·
1007 3080 1106 3136 νῦν
1137 3075 1197 3135 δὲ
1232 3075 1296 3145 ἐξ
1323 3073 1751 3152 ἀπροσδοκήτου
1787 3083 1902 3154 σφι

296 3164 664 3239 παρέστησαν
683 3167 737 3223 οἱ
755 3163 1001 3241 Πέρσαι.
1044 3160 1158 3223 ’ὑπὸ
1184 3162 1244 3223 δὲ
1267 3161 1539 3242 μεγάθεος
1554 3167 1658 3239 τῆς
1680 3163 1901 3235 πόλιος,

299 3246 373 3310 ὥς
401 3251 628 3331 λέγεται
654 3249 765 3311 ὖπό
799 3254 910 3311 τῶν
946 3248 1122 3328 ταύτῃ
1158 3250 1474 3326 οἰκημένων,
1509 3252 1621 3309 τῶν
1657 3251 1789 3326 περὶ
1824 3251 1902 3312 τὰ
