<?xml version="1.0" encoding="UTF-8"?>
<!DOCTYPE html PUBLIC "-//W3C//DTD XHTML 1.0 Transitional//EN"
    "http://www.w3.org/TR/xhtml1/DTD/xhtml1-transitional.dtd">
<html xmlns="http://www.w3.org/1999/xhtml" xml:lang="en" lang="en">
 <head>
  <title>
</title>
<meta http-equiv="Content-Type" content="text/html;charset=utf-8" />
  <meta name='ocr-system' content='tesseract 3.04.00' />
  <meta name='ocr-capabilities' content='ocr_page ocr_carea ocr_par ocr_line ocrx_word'/>
</head>
<body>
  <div class='ocr_page' id='page_1' title='image "./herodotus02unkngoog_0140.png"; bbox 0 0 2184 3517; ppageno 0'>
   <div class='ocr_carea' id='block_1_1' title="bbox 262 105 2072 3349">
    <p class='ocr_par' dir='ltr' id='par_1_1' title="bbox 368 105 1980 269">
     <span class='ocr_line' id='line_1_1' title="bbox 371 105 1975 185; baseline -0.005 -23"><span class='ocrx_word' id='word_1_1' title='bbox 371 112 466 162; x_wconf 82' lang='lat'>124</span> <span class='ocrx_word' id='word_1_2' title='bbox 547 180 552 185; x_wconf 75' lang='lat'><strong>.</strong></span> <span class='ocrx_word' id='word_1_3' title='bbox 980 108 1341 160; x_wconf 68' lang='grc' dir='ltr'>ἩΡοΔοΤοτ</span> <span class='ocrx_word' id='word_1_4' title='bbox 1866 105 1975 172; x_wconf 87' lang='lat'>[11.</span> 
     </span>
     <span class='ocr_line' id='line_1_2' title="bbox 368 185 1980 269; baseline -0.001 -19"><span class='ocrx_word' id='word_1_5' title='bbox 368 191 610 269; x_wconf 81' lang='grc' dir='ltr'>ἑσπέρης</span> <span class='ocrx_word' id='word_1_6' title='bbox 643 187 812 251; x_wconf 74' lang='grc' dir='ltr'>αὐτόν</span> <span class='ocrx_word' id='word_1_7' title='bbox 835 194 989 266; x_wconf 77' lang='grc' dir='ltr'>,πρός</span> <span class='ocrx_word' id='word_1_8' title='bbox 1020 187 1191 264; x_wconf 85' lang='grc' dir='ltr'>ἥλιον</span> <span class='ocrx_word' id='word_1_9' title='bbox 1219 185 1625 248; x_wconf 85' lang='grc' dir='ltr'>α’νατέλλοντα·</span> <span class='ocrx_word' id='word_1_10' title='bbox 1667 186 1980 267; x_wconf 84' lang='grc' dir='ltr'>φαίνεσθαι</span> 
     </span>
    </p>

    <p class='ocr_par' dir='ltr' id='par_1_2' title="bbox 278 272 2072 1237">
     <span class='ocr_line' id='line_1_3' title="bbox 278 272 1979 357; baseline -0.003 -18"><span class='ocrx_word' id='word_1_11' title='bbox 278 280 353 340; x_wconf 85' lang='grc'>33</span> <span class='ocrx_word' id='word_1_12' title='bbox 369 278 429 338; x_wconf 82' lang='grc' dir='ltr'>δὲ</span> <span class='ocrx_word' id='word_1_13' title='bbox 465 282 524 338; x_wconf 88' lang='grc' dir='ltr'>ἐν</span> <span class='ocrx_word' id='word_1_14' title='bbox 555 275 703 357; x_wconf 76' lang='grc' dir='ltr'>αὐτῷ</span> <span class='ocrx_word' id='word_1_15' title='bbox 729 275 1134 355; x_wconf 64' lang='grc' dir='ltr'>κροκοδεῦιους.</span> <span class='ocrx_word' id='word_1_16' title='bbox 1199 274 1270 334; x_wconf 86' lang='grc' dir='ltr'><strong>Ὁ</strong></span> <span class='ocrx_word' id='word_1_17' title='bbox 1296 277 1400 352; x_wconf 77' lang='grc' dir='ltr'>μὲν</span> <span class='ocrx_word' id='word_1_18' title='bbox 1431 273 1501 350; x_wconf 80' lang='grc' dir='ltr'>δὴ</span> <span class='ocrx_word' id='word_1_19' title='bbox 1527 277 1631 335; x_wconf 81' lang='grc' dir='ltr'>τοῦ</span> <span class='ocrx_word' id='word_1_20' title='bbox 1654 272 1979 351; x_wconf 81' lang='grc' dir='ltr'>Ἀμμωνίου</span> 
     </span>
     <span class='ocr_line' id='line_1_4' title="bbox 368 351 2072 446; baseline -0.002 -20"><span class='ocrx_word' id='word_1_21' title='bbox 368 364 677 445; x_wconf 77' lang='grc' dir='ltr'>Ἐτεάρχου</span> <span class='ocrx_word' id='word_1_22' title='bbox 706 364 879 446; x_wconf 94' lang='grc' dir='ltr'>λόγος</span> <span class='ocrx_word' id='word_1_23' title='bbox 910 368 967 428; x_wconf 86' lang='grc' dir='ltr'>ἐς</span> <span class='ocrx_word' id='word_1_24' title='bbox 1000 363 1169 424; x_wconf 81' lang='grc' dir='ltr'>τοῦτό</span> <span class='ocrx_word' id='word_1_25' title='bbox 1194 387 1293 441; x_wconf 93' lang='grc' dir='ltr'>μοι</span> <span class='ocrx_word' id='word_1_26' title='bbox 1323 359 1677 438; x_wconf 78' lang='grc' dir='ltr'>δεδηλώσθω,</span> <span class='ocrx_word' id='word_1_27' title='bbox 1704 362 1860 438; x_wconf 80' lang='grc' dir='ltr'>πλὴν</span> <span class='ocrx_word' id='word_1_28' title='bbox 1885 361 1980 424; x_wconf 80' lang='grc' dir='ltr'>ὅτι</span> <span class='ocrx_word' id='word_1_29' title='bbox 2060 351 2072 362; x_wconf 56' lang='grc'><strong>’</strong></span> 
     </span>
     <span class='ocr_line' id='line_1_5' title="bbox 372 448 1980 531; baseline -0.002 -17"><span class='ocrx_word' id='word_1_30' title='bbox 372 452 773 530; x_wconf 79' lang='grc' dir='ltr'>ἀπονοστῆσαί</span> <span class='ocrx_word' id='word_1_31' title='bbox 812 477 876 513; x_wconf 92' lang='grc' dir='ltr'>τε</span> <span class='ocrx_word' id='word_1_32' title='bbox 923 452 1142 527; x_wconf 77' lang='grc' dir='ltr'>ἔφασκε</span> <span class='ocrx_word' id='word_1_33' title='bbox 1179 449 1310 514; x_wconf 83' lang='grc' dir='ltr'>τούς</span> <span class='ocrx_word' id='word_1_34' title='bbox 1358 453 1735 526; x_wconf 81' lang='grc' dir='ltr'>Νασαμῶνας,</span> <span class='ocrx_word' id='word_1_35' title='bbox 1781 448 1878 531; x_wconf 77' lang='grc' dir='ltr'>[ὥς</span> <span class='ocrx_word' id='word_1_36' title='bbox 1922 453 1980 510; x_wconf 79' lang='grc' dir='ltr'>οἱ</span> 
     </span>
     <span class='ocr_line' id='line_1_6' title="bbox 373 536 1980 622; baseline -0.004 -19"><span class='ocrx_word' id='word_1_37' title='bbox 373 546 685 620; x_wconf 81' lang='grc' dir='ltr'>Κυρηναῖοι</span> <span class='ocrx_word' id='word_1_38' title='bbox 726 539 945 622; x_wconf 85' lang='grc' dir='ltr'>ἔλεγον]</span> <span class='ocrx_word' id='word_1_39' title='bbox 983 539 1076 599; x_wconf 83' lang='grc' dir='ltr'>καὶ</span> <span class='ocrx_word' id='word_1_40' title='bbox 1119 544 1174 603; x_wconf 87' lang='grc' dir='ltr'>ἐς</span> <span class='ocrx_word' id='word_1_41' title='bbox 1210 538 1339 603; x_wconf 82' lang='grc' dir='ltr'>τούς</span> <span class='ocrx_word' id='word_1_42' title='bbox 1380 536 1537 600; x_wconf 83' lang='grc' dir='ltr'>οὗτοι</span> <span class='ocrx_word' id='word_1_43' title='bbox 1577 536 1842 599; x_wconf 74' lang='grc' dir='ltr'>ἀπίκοντο</span> <span class='ocrx_word' id='word_1_44' title='bbox 1881 536 1980 598; x_wconf 88' lang='grc' dir='ltr'>οἷν-</span> 
     </span>
     <span class='ocr_line' id='line_1_7' title="bbox 374 625 1982 711; baseline -0.002 -21"><span class='ocrx_word' id='word_1_45' title='bbox 374 630 626 708; x_wconf 88' lang='grc' dir='ltr'>θρώπους</span> <span class='ocrx_word' id='word_1_46' title='bbox 658 628 867 711; x_wconf 84' lang='grc' dir='ltr'>γόητας</span> <span class='ocrx_word' id='word_1_47' title='bbox 904 628 1044 689; x_wconf 83' lang='grc' dir='ltr'>εἶναι</span> <span class='ocrx_word' id='word_1_48' title='bbox 1079 626 1312 691; x_wconf 81' lang='grc' dir='ltr'>πάντας.</span> <span class='ocrx_word' id='word_1_49' title='bbox 1394 626 1495 687; x_wconf 77' lang='grc' dir='ltr'>τὸν</span> <span class='ocrx_word' id='word_1_50' title='bbox 1525 626 1585 686; x_wconf 81' lang='grc' dir='ltr'>δὲ</span> <span class='ocrx_word' id='word_1_51' title='bbox 1617 626 1686 702; x_wconf 81' lang='grc' dir='ltr'>δὴ</span> <span class='ocrx_word' id='word_1_52' title='bbox 1718 625 1982 704; x_wconf 86' lang='grc' dir='ltr'>ποταμόν</span> 
     </span>
     <span class='ocr_line' id='line_1_8' title="bbox 371 713 1981 796; baseline -0.001 -18"><span class='ocrx_word' id='word_1_53' title='bbox 371 721 570 779; x_wconf 81' lang='grc' dir='ltr'>τοῦτον</span> <span class='ocrx_word' id='word_1_54' title='bbox 594 716 695 778; x_wconf 82' lang='grc' dir='ltr'>τόν</span> <span class='ocrx_word' id='word_1_55' title='bbox 720 716 1107 796; x_wconf 83' lang='grc' dir='ltr'>παραρρέοντα</span> <span class='ocrx_word' id='word_1_56' title='bbox 1135 716 1227 775; x_wconf 84' lang='grc' dir='ltr'>καὶ</span> <span class='ocrx_word' id='word_1_57' title='bbox 1250 714 1553 794; x_wconf 84' lang='grc' dir='ltr'>Ἐτέαρχος</span> <span class='ocrx_word' id='word_1_58' title='bbox 1584 713 1981 791; x_wconf 79' lang='grc' dir='ltr'>συνεβάλλετο</span> 
     </span>
     <span class='ocr_line' id='line_1_9' title="bbox 375 801 1976 883; baseline -0.001 -18"><span class='ocrx_word' id='word_1_59' title='bbox 375 805 514 866; x_wconf 75' lang='grc' dir='ltr'>εἶναι</span> <span class='ocrx_word' id='word_1_60' title='bbox 548 804 648 867; x_wconf 84' lang='grc' dir='ltr'>τόν</span> <span class='ocrx_word' id='word_1_61' title='bbox 686 808 914 875; x_wconf 84' lang='grc' dir='ltr'>Νεῖλον,</span> <span class='ocrx_word' id='word_1_62' title='bbox 950 804 1043 864; x_wconf 84' lang='grc' dir='ltr'>καὶ</span> <span class='ocrx_word' id='word_1_63' title='bbox 1076 803 1145 879; x_wconf 85' lang='grc' dir='ltr'>δὴ</span> <span class='ocrx_word' id='word_1_64' title='bbox 1180 803 1273 863; x_wconf 83' lang='grc' dir='ltr'>καὶ</span> <span class='ocrx_word' id='word_1_65' title='bbox 1313 802 1345 863; x_wconf 81' lang='grc' dir='ltr'>ὁ</span> <span class='ocrx_word' id='word_1_66' title='bbox 1385 803 1560 883; x_wconf 86' lang='grc' dir='ltr'>λόγος</span> <span class='ocrx_word' id='word_1_67' title='bbox 1600 801 1742 863; x_wconf 79' lang='grc' dir='ltr'>οὕτω</span> <span class='ocrx_word' id='word_1_68' title='bbox 1782 803 1976 879; x_wconf 78' lang='grc' dir='ltr'>αἱρέει·</span> 
     </span>
     <span class='ocr_line' id='line_1_10' title="bbox 375 889 1981 976; baseline -0.001 -23"><span class='ocrx_word' id='word_1_69' title='bbox 375 894 488 972; x_wconf 90' lang='grc' dir='ltr'>ῥέει</span> <span class='ocrx_word' id='word_1_70' title='bbox 526 920 638 976; x_wconf 89' lang='grc' dir='ltr'>γαρ</span> <span class='ocrx_word' id='word_1_71' title='bbox 683 897 744 953; x_wconf 90' lang='grc' dir='ltr'>ἐκ</span> <span class='ocrx_word' id='word_1_72' title='bbox 784 893 1004 970; x_wconf 82' lang='grc' dir='ltr'>Λιβύης</span> <span class='ocrx_word' id='word_1_73' title='bbox 1046 891 1079 954; x_wconf 80' lang='grc' dir='ltr'>ὁ</span> <span class='ocrx_word' id='word_1_74' title='bbox 1128 896 1354 963; x_wconf 81' lang='grc' dir='ltr'>Νεῖλος,</span> <span class='ocrx_word' id='word_1_75' title='bbox 1396 891 1490 952; x_wconf 82' lang='grc' dir='ltr'>καὶ</span> <span class='ocrx_word' id='word_1_76' title='bbox 1534 892 1718 968; x_wconf 88' lang='grc' dir='ltr'>μέσην</span> <span class='ocrx_word' id='word_1_77' title='bbox 1755 889 1981 967; x_wconf 77' lang='grc' dir='ltr'>τάμνων</span> 
     </span>
     <span class='ocr_line' id='line_1_11' title="bbox 373 978 1982 1093; baseline -0.002 -50"><span class='ocrx_word' id='word_1_78' title='bbox 373 982 598 1093; x_wconf 81' lang='grc' dir='ltr'>Λιβύην</span> <span class='ocrx_word' id='word_1_79' title='bbox 635 982 728 1042; x_wconf 85' lang='grc' dir='ltr'>καὶ</span> <span class='ocrx_word' id='word_1_80' title='bbox 761 980 918 1090; x_wconf 75' lang='grc' dir='ltr'>(ῳς’</span> <span class='ocrx_word' id='word_1_81' title='bbox 892 1007 1001 1062; x_wconf 90' lang='grc' dir='ltr'>εγω</span> <span class='ocrx_word' id='word_1_82' title='bbox 1038 978 1475 1057; x_wconf 77' lang='grc' dir='ltr'>συμβάλλομαι,</span> <span class='ocrx_word' id='word_1_83' title='bbox 1505 982 1661 1041; x_wconf 82' lang='grc' dir='ltr'>τοῖσι</span> <span class='ocrx_word' id='word_1_84' title='bbox 1696 978 1982 1058; x_wconf 84' lang='grc' dir='ltr'>ἐμφανέσι</span> 
     </span>
     <span class='ocr_line' id='line_1_12' title="bbox 373 1066 1984 1177; baseline -0.002 -46"><span class='ocrx_word' id='word_1_85' title='bbox 373 1070 447 1131; x_wconf 83' lang='grc' dir='ltr'>τοὶ</span> <span class='ocrx_word' id='word_1_86' title='bbox 472 1070 553 1149; x_wconf 78' lang='grc' dir='ltr'>μή</span> <span class='ocrx_word' id='word_1_87' title='bbox 574 1069 959 1151; x_wconf 83' lang='grc' dir='ltr'>γινωσκόμενα</span> <span class='ocrx_word' id='word_1_88' title='bbox 984 1067 1440 1148; x_wconf 86' lang='grc' dir='ltr'>τεκμαιρόμενος)</span> <span class='ocrx_word' id='word_1_89' title='bbox 1460 1071 1538 1147; x_wconf 76' lang='grc' dir='ltr'>τῷ</span> <span class='ocrx_word' id='word_1_90' title='bbox 1552 1066 1808 1177; x_wconf 84' lang='grc' dir='ltr'>Ἷστρῳ’</span> <span class='ocrx_word' id='word_1_91' title='bbox 1781 1094 1842 1127; x_wconf 93' lang='grc' dir='ltr'>εκ</span> <span class='ocrx_word' id='word_1_92' title='bbox 1865 1092 1984 1128; x_wconf 89' lang='grc' dir='ltr'>των</span> 
     </span>
     <span class='ocr_line' id='line_1_13' title="bbox 376 1154 1983 1237; baseline -0.002 -17.996"><span class='ocrx_word' id='word_1_93' title='bbox 376 1159 514 1219; x_wconf 81' lang='grc' dir='ltr'>ἴσων</span> <span class='ocrx_word' id='word_1_94' title='bbox 537 1159 752 1237; x_wconf 85' lang='grc' dir='ltr'>μέτρων</span> <span class='ocrx_word' id='word_1_95' title='bbox 772 1157 1026 1236; x_wconf 79' lang='grc' dir='ltr'>ὁρμᾶται.</span> <span class='ocrx_word' id='word_1_96' title='bbox 1077 1156 1309 1234; x_wconf 82' lang='grc' dir='ltr'>Ἴστρος</span> <span class='ocrx_word' id='word_1_97' title='bbox 1326 1181 1389 1216; x_wconf 92' lang='grc' dir='ltr'>τε</span> <span class='ocrx_word' id='word_1_98' title='bbox 1407 1156 1518 1237; x_wconf 85' lang='grc' dir='ltr'>γοὶρ</span> <span class='ocrx_word' id='word_1_99' title='bbox 1538 1155 1792 1233; x_wconf 73' lang='grc' dir='ltr'>ποταμὸς</span> <span class='ocrx_word' id='word_1_100' title='bbox 1812 1154 1983 1234; x_wconf 75' lang='grc' dir='ltr'>οἷρξα-</span> 
     </span>
    </p>

    <p class='ocr_par' dir='ltr' id='par_1_3' title="bbox 262 1243 1986 1764">
     <span class='ocr_line' id='line_1_14' title="bbox 262 1243 1986 1326; baseline -0.003 -18"><span class='ocrx_word' id='word_1_101' title='bbox 262 1257 302 1289; x_wconf 79' lang='grc'>’”</span> <span class='ocrx_word' id='word_1_102' title='bbox 375 1272 541 1326; x_wconf 90' lang='grc' dir='ltr'>μενος</span> <span class='ocrx_word' id='word_1_103' title='bbox 581 1250 643 1306; x_wconf 93' lang='grc' dir='ltr'>ἐκ</span> <span class='ocrx_word' id='word_1_104' title='bbox 685 1250 918 1306; x_wconf 78' lang='grc' dir='ltr'>Κελτῶν</span> <span class='ocrx_word' id='word_1_105' title='bbox 959 1245 1052 1305; x_wconf 82' lang='grc' dir='ltr'>καὶ</span> <span class='ocrx_word' id='word_1_106' title='bbox 1091 1244 1357 1321; x_wconf 89' lang='grc' dir='ltr'>Πυρήνης</span> <span class='ocrx_word' id='word_1_107' title='bbox 1394 1243 1612 1314; x_wconf 86' lang='grc' dir='ltr'>πόλιος,</span> <span class='ocrx_word' id='word_1_108' title='bbox 1643 1244 1758 1322; x_wconf 83' lang='grc' dir='ltr'>ῥέει</span> <span class='ocrx_word' id='word_1_109' title='bbox 1795 1245 1986 1320; x_wconf 84' lang='grc' dir='ltr'>μέσην</span> 
     </span>
     <span class='ocr_line' id='line_1_15' title="bbox 376 1332 1983 1415; baseline -0.002 -20"><span class='ocrx_word' id='word_1_110' title='bbox 376 1336 586 1415; x_wconf 88' lang='grc' dir='ltr'>σχίζων</span> <span class='ocrx_word' id='word_1_111' title='bbox 615 1334 720 1410; x_wconf 80' lang='grc' dir='ltr'>τήν</span> <span class='ocrx_word' id='word_1_112' title='bbox 746 1332 1039 1411; x_wconf 88' lang='grc' dir='ltr'>Εὐρώπην·</span> <span class='ocrx_word' id='word_1_113' title='bbox 1078 1333 1159 1414; x_wconf 81' lang='grc' dir='ltr'>(οἱ</span> <span class='ocrx_word' id='word_1_114' title='bbox 1195 1333 1254 1392; x_wconf 81' lang='grc' dir='ltr'>δὲ</span> <span class='ocrx_word' id='word_1_115' title='bbox 1282 1332 1501 1392; x_wconf 91' lang='grc' dir='ltr'>Κελτοί</span> <span class='ocrx_word' id='word_1_116' title='bbox 1530 1336 1642 1393; x_wconf 81' lang='grc' dir='ltr'>εἰσι</span> <span class='ocrx_word' id='word_1_117' title='bbox 1679 1332 1781 1402; x_wconf 75' lang='grc' dir='ltr'>ἔξω</span> <span class='ocrx_word' id='word_1_118' title='bbox 1804 1332 1983 1410; x_wconf 88' lang='grc' dir='ltr'>Ἦρα-</span> 
     </span>
     <span class='ocr_line' id='line_1_16' title="bbox 378 1420 1984 1499; baseline -0.001 -16"><span class='ocrx_word' id='word_1_119' title='bbox 378 1424 584 1499; x_wconf 80' lang='grc' dir='ltr'>κληΐων</span> <span class='ocrx_word' id='word_1_120' title='bbox 603 1421 876 1498; x_wconf 84' lang='grc' dir='ltr'>στηλέων,</span> <span class='ocrx_word' id='word_1_121' title='bbox 884 1421 1222 1499; x_wconf 82' lang='grc' dir='ltr'>ὁμουρέουσι</span> <span class='ocrx_word' id='word_1_122' title='bbox 1241 1421 1301 1481; x_wconf 81' lang='grc' dir='ltr'>δὲ</span> <span class='ocrx_word' id='word_1_123' title='bbox 1309 1420 1667 1496; x_wconf 80' lang='grc' dir='ltr'>Κυνησίοισι,</span> <span class='ocrx_word' id='word_1_124' title='bbox 1677 1420 1731 1480; x_wconf 74' lang='grc' dir='ltr'>οἳ</span> <span class='ocrx_word' id='word_1_125' title='bbox 1746 1420 1984 1499; x_wconf 83' lang='grc' dir='ltr'>ἔσχατοι</span> 
     </span>
     <span class='ocr_line' id='line_1_17' title="bbox 379 1508 1985 1588; baseline -0.002 -17"><span class='ocrx_word' id='word_1_126' title='bbox 379 1510 521 1588; x_wconf 85' lang='grc' dir='ltr'>πρός</span> <span class='ocrx_word' id='word_1_127' title='bbox 552 1510 805 1587; x_wconf 87' lang='grc' dir='ltr'>δυσμέων</span> <span class='ocrx_word' id='word_1_128' title='bbox 838 1510 1086 1570; x_wconf 85' lang='grc' dir='ltr'>οἰκέουσι</span> <span class='ocrx_word' id='word_1_129' title='bbox 1120 1512 1230 1569; x_wconf 80' lang='grc' dir='ltr'>τῶν</span> <span class='ocrx_word' id='word_1_130' title='bbox 1263 1512 1322 1569; x_wconf 86' lang='grc' dir='ltr'>ἐν</span> <span class='ocrx_word' id='word_1_131' title='bbox 1357 1512 1428 1587; x_wconf 79' lang='grc' dir='ltr'>τῇ</span> <span class='ocrx_word' id='word_1_132' title='bbox 1459 1508 1700 1587; x_wconf 82' lang='grc' dir='ltr'>Εὐρώπῃ</span> <span class='ocrx_word' id='word_1_133' title='bbox 1726 1533 1985 1585; x_wconf 85' lang='grc' dir='ltr'>κατοικη-</span> 
     </span>
     <span class='ocr_line' id='line_1_18' title="bbox 377 1595 1986 1677; baseline -0.001 -19"><span class='ocrx_word' id='word_1_134' title='bbox 377 1599 599 1677; x_wconf 88' lang='grc' dir='ltr'>μένων·)</span> <span class='ocrx_word' id='word_1_135' title='bbox 639 1601 875 1677; x_wconf 76' lang='grc' dir='ltr'>τελευτᾷ</span> <span class='ocrx_word' id='word_1_136' title='bbox 900 1598 962 1657; x_wconf 81' lang='grc' dir='ltr'>δὲ</span> <span class='ocrx_word' id='word_1_137' title='bbox 988 1597 1018 1658; x_wconf 81' lang='grc' dir='ltr'>ὁ</span> <span class='ocrx_word' id='word_1_138' title='bbox 1043 1596 1274 1674; x_wconf 84' lang='grc' dir='ltr'>Ἴστρος</span> <span class='ocrx_word' id='word_1_139' title='bbox 1300 1601 1355 1660; x_wconf 91' lang='grc' dir='ltr'>ἐς</span> <span class='ocrx_word' id='word_1_140' title='bbox 1387 1596 1691 1658; x_wconf 77' lang='grc' dir='ltr'>θάλασσαν</span> <span class='ocrx_word' id='word_1_141' title='bbox 1715 1598 1855 1674; x_wconf 83' lang='grc' dir='ltr'>ῥέων</span> <span class='ocrx_word' id='word_1_142' title='bbox 1875 1595 1986 1673; x_wconf 75' lang='grc' dir='ltr'>τὴν</span> 
     </span>
     <span class='ocr_line' id='line_1_19' title="bbox 376 1683 1984 1764; baseline -0.002 -17"><span class='ocrx_word' id='word_1_143' title='bbox 376 1691 477 1747; x_wconf 86' lang='grc' dir='ltr'>τοῦ</span> <span class='ocrx_word' id='word_1_144' title='bbox 498 1685 762 1756; x_wconf 75' lang='grc' dir='ltr'>Εὐξείνου</span> <span class='ocrx_word' id='word_1_145' title='bbox 780 1684 988 1746; x_wconf 88' lang='grc' dir='ltr'>πόντου</span> <span class='ocrx_word' id='word_1_146' title='bbox 1008 1684 1099 1746; x_wconf 81' lang='grc' dir='ltr'>διοὶ</span> <span class='ocrx_word' id='word_1_147' title='bbox 1120 1683 1308 1761; x_wconf 80' lang='grc' dir='ltr'>πάσης</span> <span class='ocrx_word' id='word_1_148' title='bbox 1333 1683 1619 1762; x_wconf 85' lang='grc' dir='ltr'>Εὐρώπης,</span> <span class='ocrx_word' id='word_1_149' title='bbox 1641 1688 1711 1764; x_wconf 80' lang='grc' dir='ltr'>τῇ</span> <span class='ocrx_word' id='word_1_150' title='bbox 1730 1683 1984 1763; x_wconf 80' lang='grc' dir='ltr'>Ἰστρίην</span> 
     </span>
    </p>

    <p class='ocr_par' dir='ltr' id='par_1_4' title="bbox 284 1771 1991 2910">
     <span class='ocr_line' id='line_1_20' title="bbox 284 1771 1983 1852; baseline -0.001 -17"><span class='ocrx_word' id='word_1_151' title='bbox 284 1777 361 1837; x_wconf 84' lang='grc'>34</span> <span class='ocrx_word' id='word_1_152' title='bbox 382 1778 435 1836; x_wconf 82' lang='grc' dir='ltr'>οἶ</span> <span class='ocrx_word' id='word_1_153' title='bbox 470 1776 772 1852; x_wconf 87' lang='grc' dir='ltr'>Μιλησίων</span> <span class='ocrx_word' id='word_1_154' title='bbox 806 1775 1052 1834; x_wconf 81' lang='grc' dir='ltr'>οἰκέουσι</span> <span class='ocrx_word' id='word_1_155' title='bbox 1083 1772 1327 1834; x_wconf 78' lang='grc' dir='ltr'>ἄποικοι.</span> <span class='ocrx_word' id='word_1_156' title='bbox 1394 1772 1463 1833; x_wconf 79' lang='lat' dir='ltr'>‘O</span> <span class='ocrx_word' id='word_1_157' title='bbox 1497 1775 1602 1850; x_wconf 79' lang='grc' dir='ltr'>μὲν</span> <span class='ocrx_word' id='word_1_158' title='bbox 1632 1772 1700 1849; x_wconf 79' lang='grc' dir='ltr'>δὴ</span> <span class='ocrx_word' id='word_1_159' title='bbox 1731 1771 1983 1850; x_wconf 85' lang='grc' dir='ltr'>Ἴστρος,</span> 
     </span>
     <span class='ocr_line' id='line_1_21' title="bbox 380 1859 1984 1944; baseline -0.001 -21"><span class='ocrx_word' id='word_1_160' title='bbox 380 1863 493 1942; x_wconf 91' lang='grc' dir='ltr'>ῥέει</span> <span class='ocrx_word' id='word_1_161' title='bbox 536 1863 647 1944; x_wconf 74' lang='grc' dir='ltr'>γὰρ</span> <span class='ocrx_word' id='word_1_162' title='bbox 689 1861 756 1923; x_wconf 81' lang='grc' dir='ltr'>δι’</span> <span class='ocrx_word' id='word_1_163' title='bbox 800 1863 1133 1939; x_wconf 82' lang='grc' dir='ltr'>οἷκευμένης,</span> <span class='ocrx_word' id='word_1_164' title='bbox 1174 1861 1316 1940; x_wconf 72' lang='grc' dir='ltr'>πρὸς</span> <span class='ocrx_word' id='word_1_165' title='bbox 1354 1865 1591 1922; x_wconf 79' lang='grc' dir='ltr'>πολλῶν</span> <span class='ocrx_word' id='word_1_166' title='bbox 1627 1859 1984 1942; x_wconf 79' lang='grc' dir='ltr'>γινώσκεται·</span> 
     </span>
     <span class='ocr_line' id='line_1_22' title="bbox 380 1947 1982 2030; baseline -0.001 -19"><span class='ocrx_word' id='word_1_167' title='bbox 380 1951 509 2029; x_wconf 79' lang='grc' dir='ltr'>περὶ</span> <span class='ocrx_word' id='word_1_168' title='bbox 544 1952 603 2012; x_wconf 79' lang='grc' dir='ltr'>δὲ</span> <span class='ocrx_word' id='word_1_169' title='bbox 638 1955 749 2012; x_wconf 77' lang='grc' dir='ltr'>τῶν</span> <span class='ocrx_word' id='word_1_170' title='bbox 778 1954 879 2012; x_wconf 85' lang='grc' dir='ltr'>τοῦ</span> <span class='ocrx_word' id='word_1_171' title='bbox 909 1950 1129 2010; x_wconf 86' lang='grc' dir='ltr'>Νείλου</span> <span class='ocrx_word' id='word_1_172' title='bbox 1164 1949 1386 2030; x_wconf 86' lang='grc' dir='ltr'>πηγέων</span> <span class='ocrx_word' id='word_1_173' title='bbox 1417 1947 1593 2014; x_wconf 84' lang='grc' dir='ltr'>οὐδεὶς</span> <span class='ocrx_word' id='word_1_174' title='bbox 1627 1950 1743 2027; x_wconf 81' lang='grc' dir='ltr'>ἔχει</span> <span class='ocrx_word' id='word_1_175' title='bbox 1771 1948 1982 2030; x_wconf 83' lang='grc' dir='ltr'>λέγειν·</span> 
     </span>
     <span class='ocr_line' id='line_1_23' title="bbox 378 2033 1983 2120; baseline -0.002 -20"><span class='ocrx_word' id='word_1_176' title='bbox 378 2038 636 2117; x_wconf 76' lang='grc' dir='ltr'>ἀοίκητός</span> <span class='ocrx_word' id='word_1_177' title='bbox 659 2064 723 2100; x_wconf 89' lang='grc' dir='ltr'>τε</span> <span class='ocrx_word' id='word_1_178' title='bbox 746 2038 857 2120; x_wconf 77' lang='grc' dir='ltr'>γάρ</span> <span class='ocrx_word' id='word_1_179' title='bbox 884 2043 1009 2100; x_wconf 85' lang='grc' dir='ltr'>ἐστι</span> <span class='ocrx_word' id='word_1_180' title='bbox 1034 2038 1129 2098; x_wconf 83' lang='grc' dir='ltr'>καὶ</span> <span class='ocrx_word' id='word_1_181' title='bbox 1154 2042 1359 2115; x_wconf 85' lang='grc' dir='ltr'>ε’ρῆμος</span> <span class='ocrx_word' id='word_1_182' title='bbox 1376 2035 1414 2113; x_wconf 78' lang='grc' dir='ltr'><em>ἦ</em></span> <span class='ocrx_word' id='word_1_183' title='bbox 1433 2036 1642 2114; x_wconf 84' lang='grc' dir='ltr'>Λιβύη,</span> <span class='ocrx_word' id='word_1_184' title='bbox 1664 2035 1733 2096; x_wconf 87' lang='grc' dir='ltr'>δι’</span> <span class='ocrx_word' id='word_1_185' title='bbox 1751 2033 1821 2113; x_wconf 87' lang='grc' dir='ltr'>ἧς</span> <span class='ocrx_word' id='word_1_186' title='bbox 1845 2037 1983 2113; x_wconf 88' lang='grc' dir='ltr'>ῥέει.</span> 
     </span>
     <span class='ocr_line' id='line_1_24' title="bbox 379 2123 1986 2211; baseline 0 -24"><span class='ocrx_word' id='word_1_187' title='bbox 379 2128 507 2205; x_wconf 80' lang='grc' dir='ltr'>περὶ</span> <span class='ocrx_word' id='word_1_188' title='bbox 552 2128 630 2211; x_wconf 31' lang='grc' dir='ltr'>δὲ,</span> <span class='ocrx_word' id='word_1_189' title='bbox 651 2130 753 2188; x_wconf 81' lang='grc' dir='ltr'>τοῦ</span> <span class='ocrx_word' id='word_1_190' title='bbox 794 2126 1066 2206; x_wconf 80' lang='grc' dir='ltr'>ῥεύματος</span> <span class='ocrx_word' id='word_1_191' title='bbox 1110 2125 1280 2186; x_wconf 83' lang='grc' dir='ltr'>αὐτοῦ</span> <span class='ocrx_word' id='word_1_192' title='bbox 1321 2123 1406 2185; x_wconf 85' lang='grc' dir='ltr'>ἐπ’</span> <span class='ocrx_word' id='word_1_193' title='bbox 1450 2124 1592 2186; x_wconf 83' lang='grc' dir='ltr'>ὅσον</span> <span class='ocrx_word' id='word_1_194' title='bbox 1628 2124 1986 2202; x_wconf 81' lang='grc' dir='ltr'>μακρότατον</span> 
     </span>
     <span class='ocr_line' id='line_1_25' title="bbox 382 2213 1983 2293; baseline -0.001 -17"><span class='ocrx_word' id='word_1_195' title='bbox 382 2218 708 2293; x_wconf 76' lang='grc' dir='ltr'>ἱστορεῦντα</span> <span class='ocrx_word' id='word_1_196' title='bbox 746 2215 818 2293; x_wconf 84' lang='grc' dir='ltr'>ἦν</span> <span class='ocrx_word' id='word_1_197' title='bbox 851 2216 1134 2286; x_wconf 78' lang='grc' dir='ltr'>ἐξικέσθαι</span> <span class='ocrx_word' id='word_1_198' title='bbox 1175 2215 1405 2292; x_wconf 79' lang='grc' dir='ltr'>εἴρηται·</span> <span class='ocrx_word' id='word_1_199' title='bbox 1447 2213 1655 2273; x_wconf 82' lang='grc' dir='ltr'>ἐκδιδοῖ</span> <span class='ocrx_word' id='word_1_200' title='bbox 1690 2213 1751 2272; x_wconf 74' lang='grc' dir='ltr'>δὲ</span> <span class='ocrx_word' id='word_1_201' title='bbox 1791 2217 1848 2278; x_wconf 85' lang='grc' dir='ltr'>ἐς</span> <span class='ocrx_word' id='word_1_202' title='bbox 1881 2213 1983 2274; x_wconf 80' lang='grc' dir='ltr'>Αἴ-</span> 
     </span>
     <span class='ocr_line' id='line_1_26' title="bbox 378 2300 1984 2386; baseline -0.002 -21"><span class='ocrx_word' id='word_1_203' title='bbox 378 2331 611 2386; x_wconf 86' lang='grc' dir='ltr'>γυπτον·</span> <span class='ocrx_word' id='word_1_204' title='bbox 636 2304 675 2381; x_wconf 81' lang='grc' dir='ltr'><em>ἦ</em></span> <span class='ocrx_word' id='word_1_205' title='bbox 696 2306 757 2366; x_wconf 79' lang='grc' dir='ltr'>δὲ</span> <span class='ocrx_word' id='word_1_206' title='bbox 781 2304 1064 2385; x_wconf 83' lang='grc' dir='ltr'>Αἴγυπτος</span> <span class='ocrx_word' id='word_1_207' title='bbox 1082 2307 1185 2379; x_wconf 82' lang='grc' dir='ltr'>τῆς</span> <span class='ocrx_word' id='word_1_208' title='bbox 1203 2301 1418 2380; x_wconf 82' lang='grc' dir='ltr'>ὀρεινῆς</span> <span class='ocrx_word' id='word_1_209' title='bbox 1438 2302 1700 2378; x_wconf 85' lang='grc' dir='ltr'>Κιλικίης</span> <span class='ocrx_word' id='word_1_210' title='bbox 1717 2300 1984 2379; x_wconf 76' lang='grc' dir='ltr'>μάλιστά</span> 
     </span>
     <span class='ocr_line' id='line_1_27' title="bbox 382 2388 1987 2474; baseline -0.001 -22"><span class='ocrx_word' id='word_1_211' title='bbox 382 2419 452 2469; x_wconf 91' lang='grc' dir='ltr'>κη</span> <span class='ocrx_word' id='word_1_212' title='bbox 477 2391 636 2470; x_wconf 85' lang='grc' dir='ltr'>α’ντίη</span> <span class='ocrx_word' id='word_1_213' title='bbox 664 2395 863 2454; x_wconf 89' lang='grc' dir='ltr'>κέεται·</span> <span class='ocrx_word' id='word_1_214' title='bbox 908 2390 1185 2474; x_wconf 79' lang='grc' dir='ltr'>[ἐνθεῦτεν</span> <span class='ocrx_word' id='word_1_215' title='bbox 1210 2391 1285 2460; x_wconf 81' lang='grc' dir='ltr'>δὲ,</span> <span class='ocrx_word' id='word_1_216' title='bbox 1315 2395 1370 2454; x_wconf 90' lang='grc' dir='ltr'>ἐς</span> <span class='ocrx_word' id='word_1_217' title='bbox 1405 2388 1662 2466; x_wconf 78' lang='grc' dir='ltr'>Σινώπην</span> <span class='ocrx_word' id='word_1_218' title='bbox 1684 2388 1789 2465; x_wconf 83' lang='grc' dir='ltr'>τήν</span> <span class='ocrx_word' id='word_1_219' title='bbox 1816 2393 1876 2449; x_wconf 90' lang='grc' dir='ltr'>ἐν</span> <span class='ocrx_word' id='word_1_220' title='bbox 1902 2393 1987 2469; x_wconf 70' lang='grc' dir='ltr'>τῷ</span> 
     </span>
     <span class='ocr_line' id='line_1_28' title="bbox 380 2475 1984 2561; baseline -0.001 -21"><span class='ocrx_word' id='word_1_221' title='bbox 380 2481 619 2561; x_wconf 76' lang='grc' dir='ltr'>Εὐξείνῳ</span> <span class='ocrx_word' id='word_1_222' title='bbox 663 2479 849 2560; x_wconf 88' lang='grc' dir='ltr'>πόντῳ</span> <span class='ocrx_word' id='word_1_223' title='bbox 890 2480 1055 2541; x_wconf 89' lang='grc' dir='ltr'>πέντε</span> <span class='ocrx_word' id='word_1_224' title='bbox 1102 2478 1351 2557; x_wconf 74' lang='grc' dir='ltr'>ἡμερέων</span> <span class='ocrx_word' id='word_1_225' title='bbox 1399 2478 1542 2538; x_wconf 79' lang='grc' dir='ltr'>ἰθεῖα</span> <span class='ocrx_word' id='word_1_226' title='bbox 1594 2476 1722 2541; x_wconf 79' lang='grc' dir='ltr'>ὁδὸς</span> <span class='ocrx_word' id='word_1_227' title='bbox 1769 2475 1984 2559; x_wconf 83' lang='grc' dir='ltr'>εὐζώνῳ</span> 
     </span>
     <span class='ocr_line' id='line_1_29' title="bbox 380 2563 1988 2651; baseline 0 -23"><span class='ocrx_word' id='word_1_228' title='bbox 380 2567 581 2651; x_wconf 68' lang='grc' dir='ltr'>ἀνδρί]</span> <span class='ocrx_word' id='word_1_229' title='bbox 604 2568 644 2646; x_wconf 78' lang='grc' dir='ltr'><em>ἦ</em></span> <span class='ocrx_word' id='word_1_230' title='bbox 666 2568 726 2629; x_wconf 78' lang='grc' dir='ltr'>δὲ</span> <span class='ocrx_word' id='word_1_231' title='bbox 747 2568 971 2644; x_wconf 82' lang='grc' dir='ltr'>Σινώπη</span> <span class='ocrx_word' id='word_1_232' title='bbox 989 2572 1067 2648; x_wconf 75' lang='grc' dir='ltr'>τῷ</span> <span class='ocrx_word' id='word_1_233' title='bbox 1081 2566 1292 2646; x_wconf 87' lang='grc' dir='ltr'>Ἴστρῳ</span> <span class='ocrx_word' id='word_1_234' title='bbox 1312 2563 1579 2626; x_wconf 82' lang='grc' dir='ltr'>ἐκδιδόντι</span> <span class='ocrx_word' id='word_1_235' title='bbox 1600 2569 1655 2629; x_wconf 88' lang='grc' dir='ltr'>ἐς</span> <span class='ocrx_word' id='word_1_236' title='bbox 1675 2564 1988 2628; x_wconf 81' lang='grc' dir='ltr'>θάλασσαν</span> 
     </span>
     <span class='ocr_line' id='line_1_30' title="bbox 381 2651 1990 2731; baseline -0.002 -15"><span class='ocrx_word' id='word_1_237' title='bbox 381 2655 568 2717; x_wconf 89' lang='grc' dir='ltr'>οἷντίον</span> <span class='ocrx_word' id='word_1_238' title='bbox 609 2658 810 2717; x_wconf 89' lang='grc' dir='ltr'>κέεται.</span> <span class='ocrx_word' id='word_1_239' title='bbox 878 2655 1021 2717; x_wconf 80' lang='grc' dir='ltr'>οὕτω</span> <span class='ocrx_word' id='word_1_240' title='bbox 1058 2654 1160 2715; x_wconf 78' lang='grc' dir='ltr'>τᾶν</span> <span class='ocrx_word' id='word_1_241' title='bbox 1199 2658 1413 2714; x_wconf 82' lang='grc' dir='ltr'>Νεῖλον</span> <span class='ocrx_word' id='word_1_242' title='bbox 1453 2653 1623 2713; x_wconf 88' lang='grc' dir='ltr'>δοκέω</span> <span class='ocrx_word' id='word_1_243' title='bbox 1663 2651 1754 2713; x_wconf 77' lang='grc' dir='ltr'>διὰ</span> <span class='ocrx_word' id='word_1_244' title='bbox 1792 2653 1990 2731; x_wconf 77' lang='grc' dir='ltr'>πάσης</span> 
     </span>
     <span class='ocr_line' id='line_1_31' title="bbox 380 2739 1991 2822; baseline 0.001 -19"><span class='ocrx_word' id='word_1_245' title='bbox 380 2747 484 2820; x_wconf 82' lang='grc' dir='ltr'>τῆς</span> <span class='ocrx_word' id='word_1_246' title='bbox 501 2744 722 2821; x_wconf 84' lang='grc' dir='ltr'>Λιβύης</span> <span class='ocrx_word' id='word_1_247' title='bbox 748 2743 1019 2813; x_wconf 81' lang='grc' dir='ltr'>διεξιόντα</span> <span class='ocrx_word' id='word_1_248' title='bbox 1045 2743 1376 2813; x_wconf 77' lang='grc' dir='ltr'>ἐξισοῦσθαι</span> <span class='ocrx_word' id='word_1_249' title='bbox 1394 2745 1474 2822; x_wconf 73' lang='grc' dir='ltr'>τῷ</span> <span class='ocrx_word' id='word_1_250' title='bbox 1486 2739 1714 2822; x_wconf 87' lang='grc' dir='ltr'>Ἴστρῳ.</span> <span class='ocrx_word' id='word_1_251' title='bbox 1767 2743 1991 2817; x_wconf 63' lang='grc' dir='ltr'>Νειλου</span> 
     </span>
     <span class='ocr_line' id='line_1_32' title="bbox 382 2829 1329 2910; baseline -0.001 -18"><span class='ocrx_word' id='word_1_252' title='bbox 382 2833 487 2910; x_wconf 91' lang='grc' dir='ltr'>μέν</span> <span class='ocrx_word' id='word_1_253' title='bbox 512 2858 609 2893; x_wconf 93' lang='grc' dir='ltr'>νυν</span> <span class='ocrx_word' id='word_1_254' title='bbox 634 2833 763 2910; x_wconf 91' lang='grc' dir='ltr'>πέρι</span> <span class='ocrx_word' id='word_1_255' title='bbox 786 2835 1038 2893; x_wconf 84' lang='grc' dir='ltr'>τοσαῦτα</span> <span class='ocrx_word' id='word_1_256' title='bbox 1065 2829 1329 2909; x_wconf 80' lang='grc' dir='ltr'>εἰρήσθω.</span> 
     </span>
    </p>

    <p class='ocr_par' dir='ltr' id='par_1_5' title="bbox 290 2918 2000 3349">
     <span class='ocr_line' id='line_1_33' title="bbox 290 2918 1989 3002; baseline 0.001 -21"><span class='ocrx_word' id='word_1_257' title='bbox 290 2924 366 2982; x_wconf 87' lang='grc'>35</span> <span class='ocrx_word' id='word_1_258' title='bbox 452 2919 737 3000; x_wconf 82' lang='grc' dir='ltr'>Ἔρχομαι</span> <span class='ocrx_word' id='word_1_259' title='bbox 773 2920 833 2980; x_wconf 81' lang='grc' dir='ltr'>δὲ</span> <span class='ocrx_word' id='word_1_260' title='bbox 863 2919 992 2998; x_wconf 85' lang='grc' dir='ltr'>περὶ</span> <span class='ocrx_word' id='word_1_261' title='bbox 1023 2919 1311 3000; x_wconf 77' lang='grc' dir='ltr'>Αἰγύπτου</span> <span class='ocrx_word' id='word_1_262' title='bbox 1342 2919 1627 2997; x_wconf 87' lang='grc' dir='ltr'>μηκυνέων</span> <span class='ocrx_word' id='word_1_263' title='bbox 1658 2918 1760 2980; x_wconf 80' lang='grc' dir='ltr'>τᾶν</span> <span class='ocrx_word' id='word_1_264' title='bbox 1789 2918 1989 3002; x_wconf 89' lang='grc' dir='ltr'>λόγον,</span> 
     </span>
     <span class='ocr_line' id='line_1_34' title="bbox 384 3005 1993 3086; baseline -0.001 -16"><span class='ocrx_word' id='word_1_265' title='bbox 384 3008 473 3070; x_wconf 83' lang='grc' dir='ltr'>ὅτι</span> <span class='ocrx_word' id='word_1_266' title='bbox 505 3013 753 3069; x_wconf 84' lang='grc' dir='ltr'>πλεῖστα</span> <span class='ocrx_word' id='word_1_267' title='bbox 784 3008 1077 3085; x_wconf 80' lang='grc' dir='ltr'>θωυμάσια</span> <span class='ocrx_word' id='word_1_268' title='bbox 1114 3009 1230 3086; x_wconf 81' lang='grc' dir='ltr'>ἔχει</span> <span class='ocrx_word' id='word_1_269' title='bbox 1254 3005 1291 3082; x_wconf 84' lang='grc' dir='ltr'>ἢ</span> <span class='ocrx_word' id='word_1_270' title='bbox 1319 3005 1474 3083; x_wconf 74' lang='grc' dir='ltr'>ἄλλη</span> <span class='ocrx_word' id='word_1_271' title='bbox 1498 3010 1662 3068; x_wconf 85' lang='grc' dir='ltr'>πᾶσα</span> <span class='ocrx_word' id='word_1_272' title='bbox 1690 3006 1863 3085; x_wconf 85' lang='grc' dir='ltr'>χώρη,</span> <span class='ocrx_word' id='word_1_273' title='bbox 1895 3009 1993 3068; x_wconf 86' lang='grc' dir='ltr'>καὶ</span> 
     </span>
     <span class='ocr_line' id='line_1_35' title="bbox 384 3091 1991 3177; baseline 0 -22"><span class='ocrx_word' id='word_1_274' title='bbox 384 3098 520 3176; x_wconf 80' lang='grc' dir='ltr'>ἔργα</span> <span class='ocrx_word' id='word_1_275' title='bbox 566 3097 742 3177; x_wconf 86' lang='grc' dir='ltr'>λόγου</span> <span class='ocrx_word' id='word_1_276' title='bbox 794 3091 942 3173; x_wconf 87' lang='grc' dir='ltr'>μέζω</span> <span class='ocrx_word' id='word_1_277' title='bbox 995 3096 1300 3173; x_wconf 89' lang='grc' dir='ltr'>παρέχεται</span> <span class='ocrx_word' id='word_1_278' title='bbox 1345 3093 1485 3171; x_wconf 81' lang='grc' dir='ltr'>πρός</span> <span class='ocrx_word' id='word_1_279' title='bbox 1531 3099 1727 3155; x_wconf 81' lang='grc' dir='ltr'>πᾶσαν</span> <span class='ocrx_word' id='word_1_280' title='bbox 1778 3094 1991 3173; x_wconf 90' lang='grc' dir='ltr'>χώρην·</span> 
     </span>
     <span class='ocr_line' id='line_1_36' title="bbox 382 3181 1997 3265; baseline 0.001 -22"><span class='ocrx_word' id='word_1_281' title='bbox 382 3182 591 3243; x_wconf 80' lang='grc' dir='ltr'>τούτων</span> <span class='ocrx_word' id='word_1_282' title='bbox 619 3185 798 3245; x_wconf 83' lang='grc' dir='ltr'>εἵνεκα</span> <span class='ocrx_word' id='word_1_283' title='bbox 823 3183 979 3243; x_wconf 90' lang='grc' dir='ltr'>πλέω</span> <span class='ocrx_word' id='word_1_284' title='bbox 998 3184 1128 3260; x_wconf 85' lang='grc' dir='ltr'>περὶ</span> <span class='ocrx_word' id='word_1_285' title='bbox 1147 3182 1318 3257; x_wconf 77' lang='grc' dir='ltr'>αὐτῆς</span> <span class='ocrx_word' id='word_1_286' title='bbox 1345 3181 1648 3259; x_wconf 81' lang='grc' dir='ltr'>εἰρήσεται.</span> <span class='ocrx_word' id='word_1_287' title='bbox 1690 3183 1997 3265; x_wconf 79' lang='grc' dir='ltr'>Αἰγύπτιοι</span> 
     </span>
     <span class='ocr_line' id='line_1_37' title="bbox 384 3268 2000 3349; baseline 0 -18"><span class='ocrx_word' id='word_1_288' title='bbox 384 3269 504 3347; x_wconf 77' lang='grc' dir='ltr'>ἅμα</span> <span class='ocrx_word' id='word_1_289' title='bbox 540 3274 618 3349; x_wconf 75' lang='grc' dir='ltr'>τῷ</span> <span class='ocrx_word' id='word_1_290' title='bbox 659 3270 869 3349; x_wconf 71' lang='grc' dir='ltr'>οὐρανῷ</span> <span class='ocrx_word' id='word_1_291' title='bbox 906 3275 985 3349; x_wconf 77' lang='grc' dir='ltr'>τῷ</span> <span class='ocrx_word' id='word_1_292' title='bbox 1023 3268 1165 3330; x_wconf 71' lang='grc' dir='ltr'>κατὰ</span> <span class='ocrx_word' id='word_1_293' title='bbox 1206 3269 1392 3345; x_wconf 83' lang='grc' dir='ltr'>σφέας</span> <span class='ocrx_word' id='word_1_294' title='bbox 1432 3269 1578 3329; x_wconf 88' lang='grc' dir='ltr'>ἐόντι</span> <span class='ocrx_word' id='word_1_295' title='bbox 1617 3271 1855 3347; x_wconf 77' lang='grc' dir='ltr'>ἑτεροίῳ,</span> <span class='ocrx_word' id='word_1_296' title='bbox 1900 3272 2000 3331; x_wconf 79' lang='grc' dir='ltr'>καὶ</span> 
     </span>
    </p>
   </div>
  </div>
 </body>
</html>
