2184 3517
239 109 505 174 99—103]
846 113 1299 167 ΜΕΔΠΟΜΕΝΗ.
1757 121 1849 170 321

243 192 432 271 μυχὸν
457 197 558 269 τῆς
583 196 785 269 λίμνης
809 192 1029 271 ταύτης.
1111 194 1220 272 ἤδη
1245 195 1320 257 ῶν
1344 195 1459 259 α’πὸ
1485 199 1589 276 μὲν
1602 199 1850 277 Ἴστρου,

246 282 321 342 ταῖ
352 280 658 357 κατύπερθε
680 287 734 345 ἐς
752 281 857 358 τῆν
875 283 1190 365 μεσόγαιαν
1211 286 1472 362 φέροντα,
1491 286 1855 363 οἷποκληῗεται

247 370 286 445 ἦ
305 370 552 447 Σκυθικῆ
570 370 680 432 §vd
698 370 928 449 πρώτων
942 371 1327 453 Ἀγαθύρσων·
1353 374 1496 450 μετοὶ
1513 376 1587 445 δὲ,
1606 380 1850 453 Νευρῶν·

249 459 444 518 ἔπειτα
469 460 545 531 δὲ,
572 459 987 541 Ἀνδροφάγων·
1022 462 1355 522 τελευταίων
1381 463 1457 533 δὲ,
1487 467 1853 545 Μελαγχλαί-

249 572 380 607 νων.
422 547 595 608 ’Έστι
616 547 691 608 ὧν
708 552 809 624 τῆς
836 550 1127 625 Σκυθικῆς,
1144 550 1216 614 ὥς
1236 549 1437 627 ἐούσης
1455 552 1815 633 τετραγώνου,
1837 555 1946 612 101

249 640 366 695 τῶν
406 635 504 695 δύο
549 636 758 713 μερέων
803 636 1154 714 κατηκόντων
1206 645 1263 704 ἐς
1309 639 1629 711 θάλασσαν,
1676 640 1858 717 πάντη

251 723 386 783 ἴσον
411 723 478 784 τό
503 749 565 783 τε
592 724 646 788 ἐς
670 724 775 798 τήν
803 725 1120 806 μεσόγαιαν
1146 729 1337 804 φέρον,
1366 727 1458 787 καὶ
1481 727 1548 788 τὰ
1575 728 1729 805 παροὶ
1753 728 1857 805 τῆν

252 810 580 871 θάλασσαν·
621 811 735 873 ‹in-<3
779 813 889 893 γὰρ
921 812 1155 891 Ἴστρου
1192 815 1284 874 ἐπὶ
1326 817 1680 893 Βορυσθένεα
1723 816 1856 875 δέκα

252 898 503 976 ἡμερέων
519 899 663 962 ὁδός·
691 899 804 960 ἀπὸ
826 901 1208 978 Βορυσθένεός
1229 902 1277 962 τ’
1295 904 1388 963 ἐπὶ
1405 903 1510 979 τῆν
1530 906 1734 981 λίμνην
1751 903 1855 980 τὴν

253 992 520 1063 Μαιῆτιν,
542 990 737 1066 ἑτέρων
764 989 915 1048 δέκω
944 991 1037 1049 καὶ
1053 989 1123 1051 τὰ
1147 989 1262 1051 οἷπὸ
1292 991 1592 1067 θαλάσσης
1611 997 1666 1054 ἐς
1684 992 1854 1068 μεσό-

251 1100 424 1155 γαιαν
462 1080 517 1140 ἐς
550 1075 681 1140 τοὺς
713 1079 1186 1158 Μελαγχλαίνους
1218 1078 1347 1141 τοῦς
1374 1079 1682 1154 κατύπερθε
1711 1080 1847 1142 Σκυ-

255 1163 398 1222 θέων
431 1163 769 1240 οἰκημένους,
800 1165 980 1224 ε’ίκοσι
1014 1164 1264 1243 ἡμερέων
1293 1165 1434 1229 ὁδός.
1518 1166 1555 1241 ἦ
1582 1165 1642 1225 δὲ
1666 1165 1795 1230 ὁδός
1817 1166 1856 1242 ἦ

254 1249 538 1328 ἡμερησίη
579 1250 686 1311 <ivd
732 1250 993 1328 διηκόσια
1034 1253 1240 1313 στάδια
1284 1254 1699 1330 συμβέβληταί
1737 1279 1853 1330 μοι.

257 1364 401 1398 ουτω
451 1335 520 1398 ἂν
572 1340 656 1415 εἴη
707 1344 810 1415 τῆς
864 1342 1139 1415 Σκυθικῆς
1186 1341 1262 1401 τοὶ
1296 1340 1610 1447 ἐπικάρσια
1665 1367 1854 1419 τετρα-

257 1420 555 1498 κισχιλίων
573 1421 833 1481 σταδίων
863 1421 956 1480 καὶ
974 1448 1046 1481 τα
1027 1419 1228 1497 ορθια
1242 1448 1315 1482 τα
1341 1426 1398 1484 ἐς
1419 1422 1523 1498 τὴν
1540 1422 1853 1503 μεσόγαιαν

258 1508 581 1595 φέροντα,”
555 1509 751 1586 ετέρων
782 1507 1067 1569 τοσούτων
1102 1509 1364 1571 σταδίων.
1444 1508 1483 1586 ἦ
1513 1509 1618 1587 μέν
1649 1536 1746 1570 νυν
1778 1514 1856 1592 γῆ

258 1594 400 1672 αὕτη
427 1596 552 1656 ἐστὶ
573 1596 820 1677 μέγαθος
843 1595 1114 1673 τοσαύτη.
1227 1642 1233 1648 -

344 1687 417 1743 Οἱ
450 1685 509 1744 δε
542 1683 751 1748 Σκύθαι
784 1682 970 1746 δόντες
996 1684 1173 1759 σφίσι
1198 1682 1375 1765 λόγον
1401 1684 1472 1748 ὦς
1497 1685 1596 1746 οὐκ
1623 1685 1735 1745 οἶοί
1754 1687 1820 1745 τέ
1837 1688 1949 1744 102

262 1773 376 1830 εἶσι
394 1771 494 1832 τὸν
510 1772 748 1848 Δαρείου
769 1769 1015 1847 στρατὸν
1031 1771 1297 1850 ἰθυμαχίῃ
1315 1772 1628 1833 διώσασθαι
1643 1777 1857 1849 μοῦνοι,

261 1858 556 1934 ἕπεμπον’
531 1885 585 1922 ες
608 1853 737 1921 τοῦς
766 1858 1195 1938 πλησιοχώρους
1219 1859 1513 1960 ἀγγέλους·
1548 1863 1658 1920 τῶν
1681 1860 1741 1919 δε
1766 1860 1859 1919 καὶ

260 1937 329 2014 δῆ
353 1963 405 1998 οι
389 1940 707 2015 εβασιλῆες
727 1939 1095 2004 συνελθόντες
1115 1939 1562 2017 ἐβουλεύοντο,
1521 1966 1592 2004 ως
1610 1944 1856 2017 στρατοῦ

259 2027 660 2090 ἐπελαύνοντος
682 2027 955 2108 μεγάλου·
982 2028 1133 2104 ἦσαν
1153 2028 1213 2088 δὲ
1233 2054 1287 2087 οι
1268 2027 1669 2092 ’συνελθόντες
1685 2030 1858 2105 ,Βασι-

256 2117 412 2189 λῆες,
465 2113 707 2192 Ταύρων,
749 2116 843 2175 καὶ
895 2111 1275 2197 Ἀγαθύρσων,
1325 2116 1418 2174 καὶ
1470 2120 1716 2191 Νευρῶν,
1765 2117 1858 2175 καὶ

255 2200 673 2285 Ἀνδροφάγων,
710 2204 802 2264 καὶ
830 2203 1299 2285 Μελαγχλαίνων,
1318 2202 1422 2261 -καὶ
1456 2206 1734 2275 Γελωνῶν,
1766 2205 1862 2262 καὶ

256 2291 556 2361 Βουδίνων,
589 2292 681 2351 καὶ
723 2292 1143 2369 Σαυροματέων.
1211 2290 1432 2350 Τούτων
1470 2294 1676 2366 Ταῦροι
1713 2293 1818 2367 μὲν
1839 2293 1953 2350 103

256 2376 488 2452 νόμοισι
510 2380 779 2440 τοιοισίδε
803 2380 1091 2458 χρέωνται·
1135 2377 1334 2439 θύουσι
1358 2381 1461 2454 μὲν
1485 2382 1556 2456 τῇ
1584 2378 1853 2457 Παρθένῳ

255 2465 387 2529 τούς
428 2492 490 2526 τε
538 2467 809 2548 ναυηγούς
857 2467 949 2526 καὶ
995 2466 1126 2530 τοῦς
1172 2464 1240 2527 ἂν
1291 2466 1522 2543 λάβωσι
1571 2464 1862 2541 Ἑλλήνων

257 2555 689 2633 ἐπαναχθέντας,
715 2553 904 2634 τρόπῳ
929 2554 1140 2632 τοιῷδε·
1183 2554 1598 2631 καταρξάμενοι,
1628 2552 1861 2632 ῥοπάλῳ

256 2640 494 2701 παίουσι
535 2641 641 2718 τὴν
687 2642 963 2719 κεφαλήν·
1021 2645 1076 2701 οἱ
1122 2645 1226 2720 μὲν
1271 2641 1338 2717 δὴ
1387 2643 1639 2723 λέγουσι,
1685 2640 1754 2705 ώς
1795 2641 1861 2701 τὰ

257 2732 429 2804 σῶμα
450 2728 561 2790 ἀπὸ
588 2733 689 2790 τοῦ
716 2727 960 2806 κρημνοῦ
984 2728 1223 2790 ῶθέουσι
1250 2728 1410 2801 κάτω,
1428 2730 1544 2810 (ἐπὶ
1560 2728 1670 2811 γὰρ
1692 2754 1864 2805 κρημ-

259 2820 359 2876 νοῦ
388 2816 599 2893 ἵδρυται
623 2817 689 2879 τὰ
720 2817 882 2897 ἱρόν)
910 2817 1014 2892 τὴν
1042 2817 1101 2876 δὲ
1132 2816 1388 2894 κεφαλήν
1424 2817 1862 2895 ἀνασταυροῦσι·

260 2907 317 2962 οῖ
352 2903 412 2963 δὲ
443 2905 587 2966 κατοὶ
619 2908 722 2982 μὲν
746 2905 850 2981 τῆν
878 2904 1137 2981 κεφαλήν
1161 2904 1555 2984 ὁμολογέουσι,
1582 2905 1648 2965 τὰ
1674 2905 1866 2982 μέντοι

260 2994 429 3067 σῶμα
455 2991 555 3052 ούκ
574 2992 856 3056 ,ὠθέεσθαι
880 2991 994 3051 οἷπό
1020 2995 1121 3050 τοῦ
1150 2994 1393 3067 κρημνοῦ
1429 2993 1681 3073 λέγουσι,
1710 2990 1867 3052 ἀλλὰ

258 3084 337 3160 γῇ
366 3081 727 3158 κρύπτεσθαι.
809 3079 911 3155 τήν
940 3078 998 3137 δὲ
1026 3078 1262 3154 δαίμονα
1287 3078 1512 3153 ταύτην,
1538 3082 1610 3156 τῇ
1646 3079 1862 3148 θύουσι,

262 3170 501 3249 λέγουσι
526 3167 686 3228 αυτοὶ
709 3170 917 3243 Ταῦροι
944 3165 1281 3246 Ἰφιγένειαν
1311 3165 1416 3239 τήν
1449 3164 1868 3245 Ἀγαμέμνονος

264 3255 423 3316 εἶναι.
506 3254 811 3332 πολεμίους
851 3253 910 3312 δὲ
949 3251 1168 3330 ἄνδρας,
1193 3277 1324 3313 τους
1362 3249 1433 3312 ἂν
1469 3252 1865 3330 χειρώσωνται,
