2184 3517
350 73 454 123 314
971 72 1334 123 ἨΡοΔοΤοτ
1829 73 1960 137 [IV.

345 151 452 228 τήν
490 150 746 228 ἀπορίην·
789 150 921 210 ἀλλ’
962 149 1028 210 οὗ
1058 176 1182 231 γαρ
1225 150 1410 210 ἔπειθε
1447 151 1858 227 συμβουλεύων
1902 154 1964 212 οἶ

349 239 592 319 χρηστοὶ,
622 237 655 298 6
695 240 800 315 μὲν
839 244 1136 307 ἐπεπαυτο,
1166 236 1198 297 6
1235 237 1311 311 δὲ,
1349 237 1540 312 ἐπειδή
1573 241 1628 296 οἱ
1661 238 1734 298 τοὶ
1769 238 1965 299 πάντα

347 324 791 402 παρεσκεύαστο,
840 324 1107 401 ἐξήλαυνε
1160 350 1259 385 τον
1304 324 1550 402 στρατὸν
1594 330 1654 384 ἐκ
1703 325 1962 390 Σούσων.

254 412 624 474 84Ἐνθαῦτα
663 417 774 475 τῶν
814 413 1081 488 Περσέων
1122 411 1408 488 Οἰόβαζος
1451 412 1650 487 ἐδεήθη
1693 415 1962 489 Δαρείου,

346 505 513 581 τριῶν
545 502 742 562 ἐόντων
776 504 829 560 οἱ
864 500 1073 559 παίδων
1111 499 1205 558 καὶ
1235 500 1456 560 πάντων
1483 502 1963 577 στρατευομένων,

352 589 448 648 ἕνα
500 587 646 667 αὐτῷ
699 588 1162 663 καταλειφθῆναι·
1219 586 1253 647 6
1306 586 1369 646 δέ
1414 590 1470 646 οἷ
1511 588 1639 662 ἔφη,
1686 587 1758 651 ὥς
1800 589 1965 668 φίλῳ

353 675 498 735 ἐόντι
524 676 618 734 καὶ
641 675 877 751 μετρίων
903 674 1143 753 δεομένῳ
1167 672 1379 736 πάντας
1405 673 1535 737 τοῦς
1559 674 1761 738 παῖδας
1788 700 1964 735 κατα-

351 764 585 841 λείψειν·
626 762 660 822 ὄ
691 765 795 839 μὲν
830 761 899 838 δὴ
940 761 1224 837 Οἰόβαζος
1259 761 1567 840 περιχαρής
1604 760 1676 837 ἦν
1715 763 1967 834 ἐλπίζων

347 849 479 913 τούς
516 850 665 913 υἱέας
705 850 1011 925 στρατηίης
1050 847 1464 919 ἀπολελύσθαι,
1504 848 1542 932 6
1585 849 1645 909 δὲ
1692 850 1966 912 ἐκέλευσε

350 937 478 1001 τούς
503 938 595 997 ἐπὶ
619 935 824 998 τούτων
853 939 1200 1000 ἐπεστεῶτας
1225 935 1549 996 ἀποκτεῖναι
1578 935 1791 1000 πάντας
1820 938 1967 1002 τούς

356 1024 647 1102 Οἰοβάζου
672 1024 890 1086 παῖδας·
921 1023 1014 1083 καὶ
1041 1021 1196 1083 οὗτοι
1215 1026 1320 1100 μὲν
1340 1022 1769 1104 ἀποσφαγέντες
1782 1022 1967 1086 αὐτοῦ

352 1111 526 1191 ταύτῃ
553 1113 834 1172 ἐλίποντο.

257 1203 334 1260 85
434 1204 671 1278 Δαρεῖος
691 1200 796 1259 δὲ’
770 1199 894 1258 επεί
907 1224 969 1259 τε
988 1199 1358 1277 πορευόμενος
1379 1205 1437 1260 ἐκ
1467 1199 1758 1266 Σούσων’
1721 1201 1966 1264 απίκετο

349 1292 450 1364 τῆς
490 1288 884 1367 Καλχηδονίης
922 1287 1016 1346 ἐπὶ
1053 1313 1155 1348 τον
1194 1288 1498 1365 Βόσπορον
1540 1289 1631 1348 ἵνα
1660 1289 1889 1359 ἔζευκτο
1924 1294 1966 1367 ἤ

350 1377 585 1455 γέφυρα,
606 1376 853 1436 ἐνθεῦτεν
875 1375 1054 1450 ἐσβὰς
1075 1380 1131 1438 ἐς
1153 1375 1253 1436 νέα
1271 1376 1435 1435 ἔπλεε
1463 1376 1554 1435 ἐπὶ
1574 1376 1672 1439 τσῖς
1698 1379 1966 1443 Κυανέας

353 1462 708 1537 καλευμένας,
734 1461 835 1525 τοὶς
860 1461 1134 1538 πρότερον
1164 1461 1458 1543 πλαγκτὰς
1485 1460 1764 1536 Ἕλληνές
1799 1467 1964 1537 φασι

355 1548 512 1608 εἶναι·
555 1547 808 1624 ἑζόμενος
847 1548 908 1608 δὲ
948 1549 1041 1608 ἐπὶ
1079 1551 1158 1626 τῷ
1198 1551 1295 1627 ἱρῷ
1328 1549 1543 1624 ἐθηεῖτο
1577 1548 1677 1608 τὸν
1710 1547 1962 1621 Πόντον,

352 1633 515 1696 ἐόντα
553 1635 894 1711 ἀξιοθέητον·
942 1636 1233 1717 πελαγέων
1277 1634 1390 1716 γὰρ
1435 1634 1690 1695 ἁπάντων
1733 1636 1982 1712 πέφυκε·

351 1723 833 1800 θωυμασιώτατος·
872 1726 974 1783 τοῦ
1003 1723 1072 1783 τό
1107 1724 1212 1799 μὲν
1237 1727 1416 1799 μῆκος
1440 1722 1669 1783 στάδιοί
1690 1727 1802 1784 εἰσι
1829 1727 1963 1784 ἐκα-

349 1810 450 1871 τδν
491 1811 582 1870 καὶ
613 1811 792 1890 χίλιοι
827 1811 919 1868 καὶ
943 1809 1149 1887 μύριοι,
1177 1809 1243 1870 τὸ
1271 1810 1331 1870 δὲ
1357 1809 1528 1888 εὖρος,
1556 1814 1630 1890 τῇ
1658 1809 1962 1888 εὐρύτατος

350 1896 517 1961 αύτὸς
566 1901 784 1971 ἑωυτοῦ,
834 1897 1057 1958 στάδιοι
1108 1895 1421 1974 τριηκόσιοι
1476 1898 1568 1956 καὶ
1617 1899 1961 1977 τρισχιλιοι.

349 1983 547 2051 τούτου
581 1988 682 2046 τοῦ
713 1984 988 2065 πελάγεος
1021 1984 1090 2045 τὸ
1128 1986 1316 2062 στόμα
1348 1985 1473 2046 ἐστὶ
1505 1985 1660 2063 εὖρος
1684 1986 1964 2065 τέσσερες

351 2072 589 2143 στάδιοι,
632 2076 810 2150 μῆκος
853 2073 912 2132 δὲ
952 2072 1078 2154 [τοῦ
1122 2072 1428 2153 στόματος]
1473 2072 1507 2134 6
1550 2072 1732 2152 αὐχὴν
1770 2074 1843 2135 τό
1888 2076 1961 2152 δὴ

352 2159 649 2238 Βόσπορος
676 2161 955 2237 κέκληται,
982 2159 1100 2219 κατ’
1128 2160 1159 2219 ὃ
1187 2161 1255 2237 δή
1284 2161 1500 2232 ἔζευκτο
1526 2160 1564 2236 ἢ
1588 2162 1832 2242 γέφυρα,
1863 2165 1960 2224 ἐπὶ

353 2249 613 2313 σταδίους
654 2249 834 2308 εἴκοσι
878 2249 971 2307 καὶ
1016 2248 1213 2308 ἑκατόν
1254 2254 1396 2308 ἐστι·
1449 2249 1613 2309 τείνει
1660 2247 1708 2308 δ’
1752 2254 1809 2312 ἐς
1854 2251 1961 2327 τήν

350 2336 709 2412 Προποντίδα
753 2334 788 2395 6
830 2335 1148 2411 Βόσπορος·
1202 2335 1243 2411 ἦ
1289 2335 1349 2395 δὲ
1396 2336 1732 2413 Προποντὶς,
1777 2341 1960 2399 εὀῦσα

348 2422 503 2500 εὖρος
521 2427 625 2501 μὲν
645 2423 885 2486 σταδίων
903 2422 1282 2483 πεντακοσίων
1300 2426 1479 2499 μῆκος
1497 2423 1557 2482 δὲ
1575 2426 1960 2499 τετρακοσίων

349 2511 441 2568 καὶ
484 2512 699 2590 χιλίων,
744 2509 1029 2571 καταδιδοῖ
1071 2513 1128 2572 ἐς
1176 2509 1276 2570 τόν
1314 2509 1750 2584 Ἑλλήσποντον
1789 2512 1959 2574 ἐόντα

346 2597 656 2673 στεινότητι
674 2600 779 2675 μὲν
804 2597 944 2658 ἐπτοὶ
968 2597 1229 2660 σταδίους
1251 2602 1429 2675 μῆκος
1449 2597 1510 2657 δὲ
1533 2600 1955 2674 τετρακοσίους·

345 2684 549 2744 ἐκδιδοῖ
581 2685 643 2744 δὲ
681 2684 714 2744 6
752 2684 1184 2760 Ἑλλήσποντος
1227 2690 1284 2749 ἐς
1321 2683 1526 2764 χάσμα
1559 2684 1845 2767 πελάγεος
1883 2688 1956 2747 τὸ

248 2773 326 2830 86
343 2771 413 2846 δὴ
419 2775 690 2882 *Αἰγαῖον
729 2772 999 2833 καλέεται.
1082 2772 1471 2853 (Μεμέτρηται
1511 2771 1574 2832 δὲ
1603 2775 1786 2834 ταῦτα
1823 2770 1953 2834 ὦδε·

345 2860 476 2931 νηῦς
522 2859 726 2917 ἐπίπαν
775 2856 1033 2934 μάλιστά
1079 2883 1151 2934 κη
1191 2858 1448 2919 κατανύει
1488 2863 1549 2920 ἐν
1591 2861 1954 2939 μακρημερίῃ

348 2940 570 3020 ὀργυιὰς
595 2945 1043 3020 ἑπτακισμυρίας,
1071 2944 1267 3009 νυκτὸς
1299 2945 1360 3004 δὲ
1385 2946 1799 3024 ἑξακισμυρίας·
1840 2947 1955 3025 ἤδη

347 3024 420 3082 ὦν
445 3032 502 3088 ἐς
524 3030 628 3101 μὲν
652 3029 835 3088 Φάσιν
859 3028 972 3088 ἀπο
997 3035 1099 3089 τοῦ
1127 3031 1658 3108 στόματος-τοῦτο
1682 3034 1797 3115 γάρ
1825 3041 1954 3097 ἐστι

341 3112 441 3165 τοῦ
466 3110 689 3170 Πόντου
707 3114 1394 3214 μακρότατον-ἡμερέων
1420 3120 1577 3179 ἐννέα
1609 3120 1850 3185 πλόος’
1821 3122 1954 3183 εστὶ

346 3188 435 3243 καὶ
458 3196 663 3251 νυκτῶν
691 3195 855 3255 ὀκτω·
897 3223 1060 3258 αυται
1098 3201 1289 3262 ἕνδεκα
1321 3203 1582 3281 μυριάδες
1614 3207 1710 3265 καὶ
1748 3207 1954 3273 ἐκατόν
