2184 3517
242 112 526 177 lea-172]
877 118 1204 168 mmmm.
1747 122 1845 169 19³

239 188 537 269 ἠσκημένη
563 191 834 253 στύλοισί
855 219 919 253 τε
955 195 1210 271 φοίνικας
1238 195 1311 255 τοὶ
1351 195 1575 274 δένδρεα
1608 222 1850 276 μεμιμη-

240 279 467 352 μένοισι
491 279 585 339 καὶ
608 283 681 357 τῇ
706 279 859 359 ἄλλῃ
888 282 1124 360 δαπάνῃ.
1195 284 1306 344 ἔσω
1333 284 1393 345 δὲ
1419 290 1478 345 ἐν
1500 289 1575 364 τῇ
1600 285 1847 346 παστάδι

240 365 368 435 διξὰ
387 367 687 446 θυρώματα
713 372 935 446 ἔστηκε·
976 375 1035 429 ἐν
1062 371 1123 430 δὲ
1147 375 1302 432 τοῖσι
1323 373 1614 451 θυρώμασι
1639 373 1677 449 ἦ
1705 374 1851 451 θήκη

241 459 386 519 ἐστί.
441 461 578 520 Εἰσὶ
601 458 663 517 δὲ
693 461 785 518 καὶ
812 463 870 519 αἶ
896 461 1076 536 ταφαὶ
1101 465 1203 521 τοῦ
1231 458 1332 521 οὐκ
1360 459 1522 520 ὅσιον
1547 465 1811 538 ποιεῦμαι
1829 465 1946 524 170

241 549 334 607 ἐπὶ
364 546 598 626 τοιούτῳ
631 547 920 628 πρήγματι
953 548 1299 630 ἐξαγορεύειν
1337 547 1584 628 τοῦνομα
1624 553 1684 609 ἐν
1725 548 1849 620 Σάῖ,

242 639 300 695 ἐν
333 639 411 714 τῷ
449 639 548 715 ἱρῷ
585 641 687 712 τῆς
717 635 1031 712 Ἀθηναίης,
1065 636 1270 699 ὄπισθε
1305 642 1408 699 τοῦ
1449 643 1601 715 νηοῦ,
1642 638 1851 704 παντὸς

238 727 341 782 τοῦ
364 727 468 798 τῆς
492 722 789 799 Ἀθηναίης
815 723 1076 802 ἐχόμεναι
1102 727 1314 805 τοίχου·
1344 726 1437 785 καὶ
1457 719 1610 806 ἐντῷ
1634 726 1848 803 τεμένεϊ

241 808 445 885 ὀβελοὶ
514 814 720 871 ἐστασι
769 810 1014 893 μεγάλοι
1075 812 1300 873 λίθινοι·
1384 814 1557 927 λίμνη
1607 815 1673 874 τέ
1724 819 1849 874 ἐστι

243 900 498 976 ἐχομένη,
528 900 716 978 λιθίνῃ
739 899 963 977 κρηπῖδι
991 901 1381 977 κεκοσμημένη
1410 902 1503 960 καὶ
1529 903 1847 983 ἐργασμένη

243 984 300 1045 εὖ
327 987 531 1067 κύκλῳ,
560 1012 652 1047 και
678 988 940 1068 μέγαθος,
969 987 1042 1052 ὥς
1067 989 1193 1067 ἐμοὶ
1226 988 1485 1059 ἐδόκεε,
1454 1015 1563 1066 οση
1590 1015 1696 1066 περ
1722 988 1760 1064 ἡ
1788 994 1846 1050 ἐν

243 1074 416 1155 Δήλω
450 1075 491 1152 ἦ
527 1074 851 1155 τροχοειδης
891 1077 1221 1153 καλεομένη.
1302 1075 1403 1137 Ἑν
1439 1077 1499 1136 δὲ
1537 1081 1609 1156 τῇ
1634 1078 1806 1156 λίμνῃ
1827 1079 1935 1138 171

239 1162 414 1242 ταύτῃ
438 1163 513 1223 τοὶ
538 1164 769 1240 δείκηλα
793 1168 903 1224 τῶν
927 1165 1149 1225 παθέων
1182 1162 1351 1224 αὐτοῦ
1379 1164 1575 1228 νυκτὸς
1601 1168 1844 1235 ποιεῦσι,

239 1249 311 1310 τοὶ
362 1251 636 1311 καλέουσι
686 1251 972 1329 μυστήρια
1024 1251 1341 1334 Αἰγύπτιοι.
1424 1253 1553 1329 περὶ
1601 1252 1705 1329 μέν
1749 1278 1872 1313 νυν-

238 1338 448 1399 τούτων
487 1339 654 1400 εἰδότι
679 1365 779 1416 μοι
815 1341 908 1400 ἐπὶ
938 1342 1116 1400 πλέον
1155 1339 1226 1404 ὥς
1255 1341 1467 1401 ἕκαστα
1499 1339 1678 1400 αὐτῶν
1712 1341 1843 1420 ἔχει,
1871 1369 1884 1404 ι

184 1463 193 1472 ·
239 1424 494 1505 εὔστομα
535 1428 759 1488 κείσθω·
820 1428 912 1487 καὶ
949 1431 1051 1503 τῆς
1092 1427 1395 1506 Δήμητρος
1431 1432 1661 1504 τελετῆς
1699 1430 1844 1506 πέρι,

236 1514 340 1591 τήν
381 1518 438 1575 οἱ
466 1515 747 1591 Ἕλληνες
787 1514 1148 1593 θεσμοφόρια
1189 1517 1474 1586 καλέουσι,
1509 1517 1601 1575 καὶ
1640 1517 1845 1593 ταύτης
1921 1591 1926 1600 .

237 1603 409 1664 εἰδότι
448 1628 549 1681 μοι
584 1604 711 1681 πέρι
745 1602 994 1680 εὔστομα
1034 1604 1258 1664 κείσθω·
1300 1604 1455 1681 πλὴν
1494 1603 1636 1665 ὅσον
1675 1604 1845 1680 αὐτῆς

236 1690 372 1769 ὁσίη
403 1692 529 1752 ἐστὶ
559 1692 763 1773 λέγειν,
798 1695 856 1751 αἱ
884 1697 1112 1752 Δαναοῦ
1145 1693 1442 1775 θυγατέρες
1473 1692 1623 1769 ἦσαν
1655 1696 1713 1753 αἱ
1741 1695 1845 1769 τήν

233 1779 474 1856 τελετήν
499 1778 707 1855 ταύτην
740 1778 803 1849 ἐξ
827 1779 1116 1860 Αἰγύπτου
1148 1780 1547 1861 ἐξαγαγοῦσαι,
1578 1780 1670 1839 καὶ
1696 1780 1840 1839 διδά-

236 1869 413 1937 ξασαι
437 1869 539 1932 τοὶς
566 1867 1032 1949 Πελασγιώτιδας
1055 1872 1338 1948 γυναῖκας·
1380 1869 1523 1945 μετὰ
1549 1869 1626 1940 δὲ,
1655 1868 1843 1938 ἐξανα-

235 1956 463 2033 στάσης
487 1955 676 2032 πάσης
714 1953 1161 2031 Πελοποννήσου
1198 1955 1308 2016 ὖπό
1337 1958 1605 2034 Δωριέων,
1636 1956 1843 2026 ἐξαπώ-

235 2047 372 2105 λετο
399 2044 439 2120 ἤ
464 2044 778 2119 τελετή·οἶ
811 2043 871 2102 δὲ
900 2042 1334 2119 ὑπολειφθέντες
1367 2046 1843 2121 Πελοποννησίων

238 2133 331 2192 καὶ
386 2157 488 2192 ουκ
558 2130 957 2202 ἐξαναστάντες
1010 2130 1275 2208 Ἀρκαδες
1342 2132 1604 2205 διέσωζον
1670 2131 1843 2210 αὐτὴν

236 2223 456 2296 μοῦνοι.

316 2306 560 2386 Ἀπρίεω
611 2306 673 2368 δὲ
725 2305 830 2367 ωδε
896 2308 1384 2385 καταραιρημένου,
1455 2308 1804 2384 ἐβασίλευσε
1822 2309 1937 2369 172

229 2393 497 2473 Ἀμασις,
518 2398 692 2473 νομοῦ
718 2397 821 2471 μὲν
848 2396 1059 2461 Σαΐτεω
1087 2396 1208 2455 ἐών·
1238 2401 1298 2456 ἐκ
1317 2399 1436 2503 τῆςΑ
1443 2396 1503 2455 δὲ
1527 2395 1598 2471 ἦν
1622 2394 1838 2467 πόλιος,

238 2482 453 2560 ουνομά
480 2486 534 2544 οἰ
559 2484 683 2543 ἐστὶ
710 2481 961 2559 Σιούφ.
949 2483 1064 2544 -τοὶ
1088 2486 1194 2561 μὲν
1220 2483 1288 2560 δὴ
1315 2487 1508 2561 πρῶτα
1544 2481 1841 2543 κατόνοντο

235 2571 336 2632 τὸν
350 2570 607 2649 Ἀμασιν
627 2571 941 2652 Αἰγύπτιοι,
964 2572 1056 2630 καὶ
1082 2578 1142 2632 ἐν
1169 2570 1395 2652 οὐδεμιῇ
1419 2572 1591 2652 μοίρῃ
1617 2569 1840 2652 μεγάλῃ

235 2657 393 2741 ἦγον,
423 2659 523 2720 ἅτε
557 2659 626 2735 δή
665 2659 914 2736 δημότην
941 2686 1008 2720 το
1041 2661 1175 2738 πρὶν
1203 2660 1365 2720 ἐόντα
1405 2662 1497 2720 καὶ
1535 2661 1709 2736 οἰκίης
1741 2685 1842 2719 ουκ

238 2748 557 2824 ἐπιφανέος.
618 2746 762 2824 μετὰ
801 2747 878 2817 δὲ,
921 2748 1105 2828 σοφίῃ
1147 2747 1345 2812 αὐτοῦς
1384 2748 1417 2809 ὅ
1450 2748 1701 2825 ''Apono-cs
1738 2774 1838 2808 ουκ

237 2836 607 2918 ἀγνωμοσύνῃ
652 2836 1062 2917 προσηγάγετο.
1135 2835 1206 2913 ἦν
1247 2840 1302 2896 οἰ
1342 2836 1498 2897 ἄλλα
1547 2860 1610 2895 τε
1655 2831 1842 2918 ἆγαθαῖ

235 2926 421 3001 μυρία,
450 2929 510 2985 ἐν
535 2925 596 2984 δὲ
622 2924 714 2983 καὶ
745 2924 1092 3001 ποδανιπτὴρ
1133 2923 1374 3004 χρύσεος
1401 2930 1459 2985 ἐν
1483 2929 1561 3003 τῷ
1587 2923 1752 2986 αὐτός
1776 2949 1840 2983 τε

238 3010 269 3071 ὅ
299 3012 553 3090 Ἀμασις
586 3012 677 3071 καὶ
719 3015 773 3071 οἰ
810 3010 1131 3089 δαιτυμόνες
1166 3015 1221 3071 οἰ
1253 3011 1456 3075 πάντες
1489 3010 1623 3075 τοῦς
1662 3010 1840 3075 πέδας

240 3101 506 3161 ἑκάστοτε
532 3101 931 3172 ἐναπενιζέατσ·
972 3103 1171 3160 τοῦτον
1197 3097 1314 3157 κατ’
1343 3099 1416 3159 ὧν
1443 3099 1635 3175 κόψας,
1664 3096 1838 3178 ἄγαλ-

236 3214 318 3263 μα
371 3188 634 3265 δαίμονος
681 3188 745 3256 ἐξ
789 3186 957 3245 αὐτοῦ
1006 3185 1315 3261 ἐποιήσατο
1363 3187 1455 3244 καὶ
1503 3187 1694 3261 ἵδρυσε
1739 3189 1841 3260 τῆς

238 3275 437 3397 πόλισις
491 3273 626 3334 ὅκου
678 3273 749 3349 ἦν
804 3272 1254 3349 ἐπιτηδεώτατον·
1323 3276 1378 3333 οἱ
1429 3273 1491 3333 δὲ
1543 3272 1840 3354 Αἰγύπτιοι

423 3355 452 3399 6
