2184 3517
334 91 426 142 178
961 92 1312 141 ΒΡοΔοτοτ
1833 92 1935 157 [Π.

327 174 439 230 τῶν
461 169 747 248 προτέρων
771 170 1065 246 βασιλέων
1091 168 1356 229 δεδόσθαι
1383 168 1695 248 ἐξαιρέτους
1722 169 1943 252 ἑκάστῳ

330 256 572 317 δυωδεκα
612 256 869 335 ἀρούρας·
909 282 1052 333 μετα
1100 257 1177 328 δὲ,
1226 256 1311 317 ἐπ’
1358 258 1647 337 Αἴγυπτον
1690 258 1942 319 ἐλαύνειν

330 344 578 424 στρατὸν
611 345 794 425 μέγαν
830 342 1230 423 Σαναχάριβον
1264 346 1522 421 βασιλέα
1551 343 1841 423 Ἀραβίων
1876 369 1942 438 τε

331 433 426 493 καὶ
468 433 807 510 Ἀσσυρίων·
883 458 1057 493 ουκων
1104 430 1173 508 δὴ
1222 432 1437 493 ἐθέλειν
1480 458 1611 496 τους
1656 431 1943 512 μαχίμους

325 546 439 582 των
489 523 807 602 Αἰγυπτίων
852 519 1136 597 βοηθέειν,
1180 545 1281 580 τον
1322 519 1445 580 δὲ’
1426 520 1548 597 ιρέα
1589 525 1648 585 ἐς
1697 520 1942 599 ἀπορίην

327 608 715 686 ἀπειλημένον,
738 606 1050 669 ἐσελθόντα
1071 612 1127 670 ἐς
1143 606 1209 667 τό
1229 607 1477 688 μέγαρον
1501 607 1644 686 πρὸς
1659 605 1940 689 τῶγαλμα

327 695 708 775 ἀποδύρεσθαι
748 696 840 756 οἷα
879 694 1177 755 κινδυνεύει
1213 695 1460 756 παθέειν·
1508 695 1940 774 ὀλοφυρόμενον

327 782 376 845 δ’
416 782 527 863 ἄρα
563 808 662 862 μιν
700 784 958 845 ἐπελθεῖν
996 782 1188 853 ὕπνον,
1217 783 1315 843 καί
1328 815 1332 819 >
1351 785 1406 844 οἶ
1444 782 1604 853 δόξαι
1636 788 1697 845 ἐν
1726 788 1802 862 τῇ
1837 783 1940 864 ὄψι

325 871 632 936 ἐπιστάντα
675 872 777 933 τόν
822 871 955 933 θεὸν.
999 870 1315 949 θαρσύνειν,
1356 870 1428 935 ὥς
1472 869 1633 932 οὐδὲν
1676 873 1940 935 πείσεται

328 958 499 1041 ἄχαρι
539 959 806 1032 ἀντιάζων
842 958 943 1021 τόν
980 958 1269 1036 Ἀραβίων
1310 957 1576 1037 στρατόν·
1618 959 1788 1025 αὐτὸς
1825 961 1938 1043 γάρ

326 1052 383 1109 οἱ
406 1049 649 1127 πέμψειν
673 1046 967 1127 τιμωρούς
1006 1046 1262 1109 τούτοισι
1294 1046 1365 1123 δή
1389 1073 1487 1124 μιν
1512 1046 1754 1110 πίσυνον
1779 1053 1940 1112 τοῖσι

329 1137 651 1214 ἐνυπνίοισι,
702 1134 1115 1215 παραλαβόντα
1167 1135 1484 1216 Αἰγυπτίων
1533 1135 1665 1199 τούς
1717 1137 1937 1212 βουλο-

325 1225 526 1302 μένους
549 1227 604 1285 οἶ
631 1225 868 1285 ἔπεσθαι
891 1222 1489 1301 στρατοπεδεύσασθαι
1516 1226 1575 1284 ἐν
1600 1225 1939 1306 Πηλουσίῳ·

324 1312 500 1392 ταύτῃ
549 1311 661 1393 γάρ
716 1316 829 1372 εἶσι
880 1314 940 1371 αἱ
992 1311 1260 1387 ἐσβολαί·
1324 1312 1562 1372 ἔπεσθαι
1613 1310 1678 1371 δέ
1721 1315 1779 1372 οἶ
1823 1318 1940 1375 τῶν

325 1401 588 1479 μαχίμων
612 1401 718 1477 μὲν
743 1398 940 1459 ουδένα
966 1397 1195 1476 ἀνδρῶν,
1220 1398 1510 1475 καπήλους
1533 1398 1595 1459 δε
1619 1398 1715 1459 καὶ
1739 1400 1938 1479 χειρό-

323 1512 526 1552 νακτας
572 1487 665 1546 καὶ
709 1484 1007 1598 ἀγοραίους
1050 1485 1393 1564 ἀνθρώπους·
1452 1487 1691 1548 ἐνθαῦτα
1737 1514 1936 1550 απικο-

320 1575 523 1652 μένους
552 1577 709 1633 τοῖσι
744 1574 1047 1635 ἐναντίοισι
1078 1572 1305 1635 αύτοῖσι
1341 1574 1703 1654 ἐπιχυθέντας
1736 1601 1938 1642 νυκτος

317 1666 430 1741 μῦς
453 1661 781 1740 ἀρουραίους
807 1660 949 1721 κατὰ
973 1663 1079 1739 μὲν
1112 1662 1346 1744 φαγέειν
1377 1662 1510 1725 τούς
1541 1668 1936 1740 φαρετρεῶνας

323 1750 519 1823 αὐτῶν,
559 1748 703 1810 κατὰ
740 1749 800 1809 δὲ
837 1748 909 1810 τοὶ
947 1748 1104 1820 τόξα,
1144 1749 1289 1828 πρός
1328 1749 1390 1811 δὲ
1423 1753 1535 1811 τῶν
1565 1750 1821 1813 ἀσπίδων
1857 1753 1936 1814 τὰ

322 1836 519 1918 ὄχανα,
547 1836 694 1899 ὥστε
725 1840 798 1916 τῇ
833 1835 1103 1916 ὖστεραίῃ
1136 1836 1455 1918 φευγόντων
1486 1837 1681 1913 σφέων
1704 1843 1934 1919 γυμνῶν

322 1924 562 2008 [ὅπλων]
603 1925 829 1985 πεσέειν
865 1924 1139 1989 πολλούς.
1223 1925 1317 1985 καὶ
1355 1929 1453 1986 νῦν
1492 1922 1654 1990 οὗτος
1685 1925 1720 1987 ὅ
1755 1928 1931 2002 βασι-

318 2011 451 2078 λεῦς
477 2013 679 2091 ἔστηκε
716 2017 777 2073 ἐν
809 2015 888 2092 τῷ
925 2014 1022 2092 {pff
1050 2015 1154 2073 τοῦ
1186 2011 1514 2089 Ἡφαίστου
1544 2013 1762 2078 λίθινος
1789 2015 1931 2094 ἔχων

319 2101 413 2161 ἐπὶ
436 2104 538 2177 τῆς
561 2099 749 2181 χειρὸς
778 2103 906 2178 μῦν,
929 2101 1115 2179 λέγων
1139 2098 1231 2161 διαὶ
1263 2099 1608 2181 γραμμάτων
1630 2100 1785 2163 τάδε·
1823 2104 1929 2169 ΕΣ

316 2193 483 2250 ΕΜΕ
514 2191 641 2255 TI}
672 2188 956 2250 ‘OPEQN
986 2189 1349 2254 ΕΥΣΕΒΗΣ
1380 2189 1598 2253 ΕΣΤΩ.

230 2279 343 2337 142
399 2276 495 2343 Ἐς
531 2280 638 2355 μὲν
674 2274 911 2339 τοσόνδε
944 2280 1048 2337 τοῦ
1087 2275 1269 2359 λόγου
1302 2275 1607 2359 Αἰγύπτιοί
1635 2303 1700 2339 τε
1736 2278 1833 2339 καὶ
1872 2280 1929 2341 οἶ

322 2366 463 2443 ἱρέες
495 2367 708 2450 ἔλεγον,
740 2362 1156 2429 ἀποδεικνύντες
1193 2363 1307 2425 dm}
1345 2369 1448 2426 τοῦ
1488 2364 1713 2443 πρώτου
1749 2368 1928 2444 βασι·

315 2454 447 2518 λέος
489 2458 546 2518 ἐς
583 2458 686 2515 τοῦ
725 2452 1054 2530 Ἡφαίστου
1087 2452 1189 2514 τὸν
1221 2453 1342 2532 ἱρέα
1382 2456 1584 2514 τοῦτον
1613 2455 1715 2516 τὸν
1737 2458 1929 2517 τελευ-

314 2546 477 2603 ταῖον
506 2540 941 2620 βασιλεύσαντα
971 2540 1109 2619 μίαν
1144 2565 1209 2602 τε
1249 2541 1344 2601 καὶ
1372 2541 1792 2619 τεσσεράκοντα
1831 2544 1929 2604 καὶ

315 2630 640 2706 τριηκοσίας
673 2626 975 2707 ἀνθρώπων
1008 2628 1204 2710 γενεὰς
1235 2630 1555 2712 γενομένας,
1582 2629 1676 2690 καὶ
1712 2634 1771 2691 ἐν
1795 2630 1928 2692 ταύ-

313 2740 452 2794 τῃσι
502 2714 766 2795 ἅρχιρέας
817 2715 912 2776 καὶ
950 2716 1236 2794 βασιλέας
1273 2718 1576 2796 χέκατέρους
1618 2717 1930 2785 τοσούτους

318 2801 667 2884 γενομένους.
749 2804 848 2863 καί
868 2827 961 2864 τοι
992 2802 1312 2881 τριηκόσιαι
1346 2806 1451 2883 μὲν
1485 2804 1700 2883 ἀνδρῶν
1735 2807 1929 2890 γενεαὶ

317 2891 572 2951 δυνέαται
592 2890 768 2969 μύρια
793 2891 934 2950 ἔτεα·
965 2891 1155 2972 γενεαὶ
1178 2891 1290 2973 γοῖρ
1316 2896 1464 2971 τρεῖς
1489 2892 1702 2972 ἀνδρῶν
1728 2894 1929 2956 ἐκατδν

316 2975 445 3038 ἐτεά
467 2981 610 3037 ἐστι·
648 2980 781 3055 μιῆς
808 2977 869 3036 δὲ
893 2979 987 3038 καὶ
1014 2979 1432 3056 τεσσεράκοντα
1464 2981 1545 3040 ἔτι
1574 2985 1685 3042 τῶν
1712 2983 1929 3042 ἐπιλοί-

315 3086 437 3124 πων
477 3063 724 3144 γενεέων,
777 3063 839 3125 αἳ.
894 3068 1114 3141 ἐπῆσαν
1173 3070 1310 3144 τῇσι
1364 3069 1742 3147 τριηκοσίῃσι,
1799 3070 1930 3130 ἔστι

310 3148 730 3225 τεσσεράκοντα
769 3150 865 3211 καὶ
896 3151 1195 3230 τριηκόσια
1231 3153 1326 3212 καὶ
1354 3154 1518 3232 χίλια
1554 3156 1698 3216 ἔτεα.
1780 3154 1930 3218 οὕτω

315 3238 377 3293 ἐν
409 3235 666 3311 μυρίοισί
692 3263 759 3299 τε
795 3239 946 3299 ἔτεσι
981 3238 1076 3298 καὶ
1108 3239 1353 3317 χιλίοισι
1388 3240 1483 3299 καὶ
1520 3240 1664 3318 πρὸς
1700 3267 1929 3320 τριηκο-

247 3371 317 3459 Ι
