2184 3517
338 80 438 135 272
951 83 1319 136 ‘npvowr
1812 84 1943 149 [111.

340 164 542 223 ἑωυτοῦ
593 159 825 240 δύναμιν
873 164 1241 243 περιέσεσθαι
1290 168 1393 241 τῆς
1442 163 1742 242 βασιλέος,
1789 165 1952 226 ἀλλὰ

344 249 639 326 φθονήσας
689 255 919 328 μᾶλλον
966 253 1296 316 Συλοσῶντι
1349 256 1400 312 εἰ
1449 252 1688 329 ἀπονητὶ
1741 254 1951 330 ἔμελλε

341 335 788 416 ἀπολάμψεσθαι
836 338 1096 418 α’κέραιον
1143 339 1248 416 τήν
1296 340 1486 401 πόλιν.
1567 341 1827 418 ἐρεθίσας
1873 340 1952 404 ὧν

339 424 471 490 τοῦς
495 427 743 503 Πέρσας,
771 427 929 488 ἔθελε
958 426 1030 491 ὥς
1055 426 1445 488 ἀσθενέστατα
1469 432 1713 504 ποιῆσαι
1734 428 1809 488 τοῖ
1837 429 1950 495 Σά-

341 539 446 590 μια
484 513 789 595 πρήγματα
829 516 923 575 καὶ
962 515 1104 576 οὕτω
1142 516 1524 595 παραδιδόναι,
1561 515 1620 576 εὖ
1655 517 1951 587 ἐξεπιστά-

341 627 507 680 μενος
547 600 619 665 ὥς
648 601 922 668 παθόντες
961 606 1016 663 οἶ
1056 604 1281 680 Πέρσαι
1312 608 1490 668 κακῶς
1522 630 1950 683 προσεμπικρα-

342 689 569 750 νέεσθαι
620 690 861 766 ἔμελλον
911 695 1067 752 τοῖσι
1120 691 1405 768 Σαμίοισι·
1464 691 1619 756 εἰδώς
1657 718 1722 752 τε
1768 695 1952 774 ἑωυτῷ

341 776 613 854 οἷσφαλέα
653 778 874 840 ἔκδυσιν
904 781 1111 839 ἐοῦσαν
1151 782 1213 837 ἐκ
1250 780 1354 852 τῆς
1391 776 1570 852 νήσου
1584 774 1738 837 ’τοτε
1779 781 1951 845 ἐπεὰν

340 863 507 928 αὖτός
530 865 832 943 βούληται·
875 866 1174 941 ἐπεποίητο
1198 863 1310 945 γάρ
1336 865 1390 922 οἱ
1417 862 1631 941 κρυπτή
1659 862 1863 939 διώρυξ
1886 869 1951 923 ἐκ

345 979 448 1030 της
482 953 822 1030 οἷκροπόλιος
852 953 1113 1030 φέρουσα
1139 953 1233 1012 ἐπὶ
1258 950 1582 1013 θάλασσαν.
1650 949 1820 1015 αὗτός
1842 952 1951 1027 μὲν

343 1042 412 1118 δὴ
438 1042 470 1103 ὁ
498 1041 841 1120 Μαιάνδριος
868 1041 1091 1101 ἐκπλέει
1118 1044 1181 1099 ἐκ
1205 1044 1307 1116 τῆς
1335 1038 1547 1116 Σάμου·
1588 1037 1719 1102 τοῦς
1744 1038 1805 1098 δὲ
1830 1044 1949 1099 ἐπι-

347 1129 578 1208 κούρους
599 1129 811 1194 πάντας
834 1127 1082 1191 ὁπλίσας
1107 1127 1140 1188 ὅ
1166 1128 1457 1204 Χαρίλεως
1483 1126 1576 1186 καὶ
1590 1125 1949 1190 ἀναπετάσας

340 1219 442 1283 τὰς
479 1218 679 1288 πύλας,
710 1218 869 1294 ἐξῆκε
901 1218 995 1276 ἐπὶ
1033 1214 1169 1279 τούς
1208 1216 1442 1291 Πέρσας
1476 1213 1606 1275 οὔτε
1637 1214 1952 1292 προσδεκο-

342 1308 542 1383 μένους
575 1309 797 1366 τοιοῦτο
838 1303 997 1364 οὐδὲν
1022 1303 1313 1367 δοκέοντάς
1334 1328 1398 1364 τε
1422 1301 1493 1378 δὴ
1518 1302 1703 1363 πάντα
1728 1305 1952 1380 συμβε-

345 1393 540 1471 βάναι·
574 1393 910 1470 ἐμπεσόντες
936 1392 996 1452 δὲ
1024 1395 1078 1451 οἱ
1107 1392 1390 1468 ἐπίκουροι
1401 1393 1512 1451 τῶν
1534 1391 1803 1468 Περσέων
1816 1391 1952 1455 τοῦς

341 1481 889 1559 διφροφορευμένους
922 1505 987 1540 τε
1017 1480 1111 1539 καὶ
1142 1479 1319 1560 λόγου
1342 1480 1621 1539 πλείστου
1649 1478 1836 1543 ἐόντας
1864 1480 1949 1538 ἔκ-

342 1593 541 1629 τεινον.
624 1569 717 1626 καὶ
769 1565 923 1627 οὗτοι
973 1571 1078 1645 μὲν
1118 1571 1295 1628 ταῦτα
1341 1568 1561 1628 ἐποίευν
1601 1566 1639 1643 ἦ
1686 1567 1747 1627 δὲ
1791 1566 1952 1645 ἄλλη

343 1655 581 1734 στρατιή
623 1655 661 1731 ἦ
704 1656 963 1732 Περσικὴ
1019 1656 1345 1733 ἐπεβοήθεε·
1403 1654 1745 1731 πιεζεύμενοι
1785 1655 1846 1716 δὲ
1895 1659 1956 1734 οἱ

346 1745 642 1822 ἐπίκουροι,
684 1742 869 1803 ὀπίσω
909 1743 1328 1820 κατειλήθησαν
1373 1749 1429 1807 ἐς
1468 1743 1573 1819 τήν
1615 1742 1951 1821 α’κρόπολιν.

243 1830 622 1908 ·147,,Ὀτα’.νης
654 1831 713 1891 δὲ
748 1830 780 1891 ὁ
814 1831 1137 1912 στρατηγὸς
1173 1832 1302 1893 ἰδών
1332 1830 1513 1894 πάθος
1541 1832 1689 1911 μέγα
1715 1832 1955 1908 Πέρσας

343 1919 707 1990 πεπονθότας,
736 1919 967 1983 ἐντολάς
1001 1946 1066 1979 τε
1096 1919 1198 1983 τοὶς
1235 1918 1471 1996 Δαρεῖός
1495 1921 1555 1979 οἱ
1577 1918 1954 1980 ἀποστέλλων

345 2008 684 2077 ἐνετέλλετο,
716 2007 859 2084 μήτε
900 2008 1131 2067 κτείνειν
1169 2007 1383 2083 μηδένα
1424 2007 1648 2083 Σαμίων
1676 2006 1821 2083 μήτε
1855 2006 1953 2068 οἷν-

345 2096 777 2174 δραποδίζεσθαι
795 2094 1015 2156 ἀπαθέα
1038 2120 1103 2155 τε
1123 2099 1305 2155 κακῶν
1324 2094 1628 2154 ἀποδοῦναι
1649 2093 1756 2169 τήν
1770 2097 1954 2170 νῆσον

345 2186 687 2255 Συλοσῶντι,
727 2185 963 2244 τουτέων
1000 2185 1107 2261 μὲν
1143 2185 1257 2242 τῶν
1295 2182 1562 2243 ἐντολέων
1600 2183 1956 2259 μεμνημένος

346 2272 768 2343 ἐπελανθάνετο,
806 2271 838 2332 ὁ
880 2271 940 2332 δὲ
978 2270 1326 2352 παρήγγειλε
1360 2274 1434 2349 τῇ
1474 2273 1732 2348 στρατιῇ,
1764 2269 1957 2331 πάντα

344 2361 444 2422 τᾶν
470 2360 539 2422 ἂν
564 2360 797 2437 λάβωσι
822 2360 915 2419 καὶ
940 2358 1115 2436 ἄνδρα
1145 2359 1239 2417 καὶ
1266 2357 1441 2418 παῖδα
1464 2357 1673 2434 ὁμοίως
1699 2358 1953 2418 κτείνειν·

346 2450 582 2510 ἐνθαῦτα
604 2453 706 2524 τῆς
730 2450 998 2525 στρατιῆς
1024 2450 1079 2506 οἱ
1104 2448 1209 2524 μὲν
1233 2446 1337 2522 τήν
1356 2445 1666 2523 ἀκρόπολιν
1692 2446 1954 2525 ἐπολιόρ-

351 2562 476 2597 κεον
511 2540 565 2596 οἱ
603 2536 665 2595 δὲ
705 2536 942 2596 ἔκτεινον
978 2534 1163 2595 πάντα
1200 2533 1302 2595 τόν
1343 2533 1597 2610 ἐμποδῶν
1634 2533 1953 2615 γινόμενον,

255 2626 366 2684 148
385 2623 586 2700 ὁμοίως
626 2624 685 2683 ἔν
712 2648 776 2683 τε
814 2626 911 2703 ἱρῷ
939 2623 1031 2682 καὶ
1055 2622 1157 2692 ἔξω
1186 2624 1325 2699 ἱροῦ·
1367 2621 1712 2698 Μαιάνδριος
1737 2621 1784 2681 δ’
1810 2622 1955 2682 αἶπο-

343 2711 478 2787 δροῖς
517 2715 578 2770 ἐκ
608 2715 710 2786 τῆς
746 2710 941 2819 Σάμου
973 2711 1250 2771 ἐκπλέει’
1224 2735 1281 2773 ες
1304 2709 1714 2786 Λακεδαίμονα·
1756 2709 1956 2770 ἀπικό·

347 2823 512 2874 μενος
543 2797 590 2858 δ’
618 2802 675 2862 ἐς
709 2796 883 2873 αὐτὴν
919 2824 1013 2858 και
1048 2797 1463 2876 α’νενεικαμενος
1487 2797 1559 2857 τοὶ
1586 2798 1727 2876 ἔχων
1753 2798 1956 2877 ἐξεχω-

343 2910 502 2961 ρησε,
543 2885 724 2945 ἐποίεε
762 2885 968 2945 τοιάδε·
1023 2886 1164 2949 ὅκως
1201 2884 1444 2963 ποτήρια
1483 2883 1729 2966 α’ργύρεά
1759 2911 1823 2946 τε
1860 2887 1959 2945 καὶ

345 2996 562 3048 χρυσεα
591 2973 874 3048 προθεῖτο,
902 2975 959 3032 οἶ
992 2975 1098 3049 μὲν
1134 2973 1484 3082 θεράποντεςῆ
1499 2998 1671 3033 αυτου
1699 2973 1957 3051 ἐξεσμων

346 3055 443 3115 αὐτ
448 3058 505 3127 οὶ,
538 3058 570 3117 ὁ
605 3058 665 3116 δὲ
690 3057 759 3118 ἂν
794 3085 894 3119 τον
924 3059 1131 3137 χρόνον
1169 3064 1368 3121 τοῦτον
1406 3066 1485 3140 τῷ
1526 3063 1841 3139 Κλεομένεϊ
1878 3066 1962 3143 τῷ

343 3138 773 3217 Ἀναξανδρίδεω
800 3150 860 3204 ἐν
883 3146 1166 3225 λόγοισι’
1140 3172 1259 3216 εων,
1274 3148 1649 3224 βασιλεύοντι
1671 3148 1960 3229 Σπάρτης,

350 3229 569 3309 προῆγέ
609 3255 701 3304 μιν
733 3234 788 3291 ἐς
824 3231 899 3290 τοὶ
938 3235 1105 3292 οἰκία·
1147 3234 1285 3298 ὅκως
1324 3236 1385 3295 δὲ
1421 3236 1598 3298 ἴδοιτο
1623 3240 1964 3318 Κλεομένης
