2184 3517
227 87 477 156 66—68]
944 91 1172 144 nme.
1793 92 1854 141 ςι

222 170 457 247 θησαν,
502 169 676 236 πέδας
722 196 788 233 τε
837 171 1059 252 ἔχοντες
1106 171 1209 237 τὰς
1252 172 1523 250 ἐφέροντο
1562 168 1724 231 αὐτοὶ
1768 169 1863 231 καὶ

225 259 465 339 σχοίνῳ
515 258 1019 337 διαμετρησάμενοι
1069 285 1139 320 το
1185 259 1377 320 πεδίον
1417 258 1486 320 τό
1529 257 1860 338 Τεγεητέων,

229 345 571 426 ἐργάζοντο.
654 350 713 405 αἱ
744 346 805 406 δὲ
828 347 993 407 πέδαι
1023 345 1205 418 αὗται,
1233 352 1293 408 ἐν
1316 350 1456 425 τῇσι
1487 346 1756 415 ε’δεδέατο,
1783 345 1864 405 ἔτι

320 432 642 459 ΧΧΧ

229 518 459 597 Ἀλέης
476 520 776 598 Ἀθηναίης
800 521 1159 600 κρεμάμεναι.

328 608 503 668 Kosa}
527 611 632 685 μὲν
651 609 721 686 δη
747 636 850 671 τον
874 610 1147 689 πρότερον
1170 609 1427 689 πόλεμον
1452 609 1728 688 συνεχέως
1753 610 1861 668 αἶει
1838 607 1952 670 67

237 700 434 759 κακῶς
458 695 695 757 ἀέθλεον
718 696 861 775 πρὸς
877 723 1010 762 τους
1027 697 1321 779 Τεγεήτας,
1343 697 1485 758 κατὰ
1511 696 1572 756 δέ
1595 696 1696 757 τόν
1721 694 1863 756 κατὰ

238 787 513 862 Κροῖσον
543 784 748 864 χρόνον
778 785 871 845 καὶ
900 785 1006 863 τὴν
1029 784 1461 864 Ἀναξανδρίδεώ
1491 809 1555 845 τε
1589 785 1682 844 καὶ
1711 783 1865 861 Ἀρί-

240 896 467 940 στωνος
483 873 854 950 βασιληιην’
826 900 886 935 εν
910 875 1299 951 Λακεδαίμονι,
1314 872 1424 951 ἤδη
1443 900 1497 934 οι
1477 874 1864 950 ’Σπαρτιῆται

243 960 651 1039 κατυπέρτεροι
684 965 762 1040 τῷ
792 962 1024 1042 πολέμῳ
1062 968 1086 1021 ε’
1088 962 1412 1044 γεγόνεσαν,
1447 960 1636 1040 τρόπῳ
1669 960 1862 1039 τοιῷδε

241 1047 561 1129 γενόμενοι·
604 1021 795 1125 ἐπειδη
821 1050 929 1111 αἶει
952 1053 1032 1129 τῷ
1054 1051 1340 1129 πολέμῳ“
1314 1052 1591 1109 εσσοῦντο
1621 1047 1733 1109 ὖπο
1763 1054 1862 1109 Τε-

241 1138 510 1217 γεητέων,
552 1138 874 1216 πέμψαντες
918 1137 1268 1215 θεοπρόπους
1307 1141 1365 1201 ἐς
1409 1135 1676 1212 Δελφοῦς
1720 1139 1864 1196 ἐπει-

243 1250 478 1301 ρωτεον,
508 1225 638 1286 τίνα
671 1224 740 1286 ἂν
775 1227 913 1286 θεῶν
945 1225 1279 1304 ἱλασάμενοι
1311 1223 1622 1301 κατύπερθε
1649 1226 1728 1302 τῷ
1760 1248 1864 1284 πο-

245 1313 411 1392 λέμω
435 1314 750 1394 Τεγεητέων
775 1313 1070 1395 γενοίατο,
1110 1312 1150 1391 ἦ
1176 1313 1237 1374 δὲ
1271 1313 1459 1388 Πυθίη
1491 1318 1606 1389 σφι
1637 1312 1861 1391 ἔχρησε,

245 1400 324 1460 τὰ
347 1400 630 1479 Ὀρέστεω
646 1405 747 1463 τοῦ
764 1402 1180 1483 Ἀγαμέμνονος
1199 1399 1376 1464 ὀστέα
1394 1400 1859 1481 ἐπαγαγομένους·
1873 1429 1886 1440 ·

249 1487 325 1553 ὥς
362 1488 426 1548 δὲ
459 1488 704 1567 ἀνευρεῖν
736 1489 838 1551 οὔκ
873 1489 988 1551 οἶοί
1014 1516 1079 1552 τε
1115 1490 1364 1571 ἐγινέατο
1396 1487 1504 1565 τήν
1545 1486 1721 1565 θήκην
1760 1491 1863 1549 τοῦ

247 1575 551 1653 Ὀρέστεω,
579 1577 826 1654 ἔπεμπον
850 1603 1003 1642 αυτις
1026 1577 1134 1655 τήν
1159 1583 1215 1642 ές
1239 1577 1369 1639 θεὸν
1400 1578 1863 1688 ἐπειρησομένους

247 1664 356 1725 τόν
395 1668 583 1745 χῶρον
628 1669 687 1726 ἐν
728 1691 808 1746 τω
851 1666 1034 1727 κέοιτο
1073 1666 1108 1727 ὅ
1146 1665 1439 1744 Ὀρέστης·
1487 1668 1753 1742 εἰροπῶσι
1797 1664 1860 1725 δε

248 1756 431 1814 ταῦτα
456 1756 612 1814 τοῖσι
638 1753 1008 1831 θεοπρόποισι
1034 1755 1191 1836 λέγει
1215 1754 1254 1831 ἦ
1282 1753 1471 1830 Πυθίη
1495 1751 1645 1814 τάδε·

376 1873 522 1925 Ἐστι
552 1892 628 1925 τις
650 1874 908 1939 ’Δρκαδίης
939 1876 1100 1937 Τεγέη
1130 1877 1289 1940 λευρῷ
1320 1877 1390 1925 ἐνὶ
1421 1876 1579 1938 χώρῳ,

384 1947 485 1997 ἔνθ’
516 1948 680 2006 ἄνεμοι
711 1949 924 1998 πνείουσι
955 1950 1039 1997 δύο
1070 1950 1303 2010 κρατερῆς
1336 1944 1410 1997 ὑπ’
1445 1949 1672 2008 ἀνάγκης,

386 2021 469 2068 καὶ
500 2021 652 2069 τύπος
682 2020 952 2080 ἀντίτυπος,
989 2021 1071 2070 καὶ
1104 2020 1228 2080 πῆμ’
1262 2020 1344 2070 ἐπὶ
1377 2020 1567 2079 πήματι
1599 2019 1771 2069 κεῖται.

387 2089 487 2139 ἔνθ’
514 2090 920 2153 ’Δγαμεμνονὶδην
954 2093 1153 2153 κατέχει
1186 2092 1409 2154 φυσίζοος
1444 2092 1547 2139 αἶα·

384 2164 471 2211 τὸν
503 2164 567 2212 σύ
600 2164 957 2224 κομισσάμενος,
994 2165 1177 2226 Τεγέης
1211 2163 1518 2227 ἐπιτάρροθος
1551 2164 1691 2224 ἔσσῃ.

254 2261 328 2328 ὥς
357 2264 418 2325 δὲ
453 2265 549 2325 καὶ
577 2269 752 2327 ταῦτα
781 2264 1032 2342 ἥκουσαν
1063 2268 1119 2327 οἱ
1149 2263 1592 2341 Λακεδαιμόνιοι,
1626 2261 1861 2343 ἀπεῖχον

253 2355 356 2428 τῆς
397 2352 704 2430 ἐξευρέσιος
743 2352 904 2414 οὐδὲν
946 2355 1217 2424 ἔλασσον,
1242 2352 1426 2412 πάντα
1466 2350 1763 2427 διζήμενοι·
1804 2356 1861 2414 ές

256 2437 325 2501 οὗ
366 2439 435 2517 δή
479 2442 677 2520 Λίχης,
717 2444 828 2502 τῶν
871 2439 1230 2523 ἀγαθοεργῶν
1267 2438 1617 2516 καλεομένων
1673 2438 1859 2515 Σπαρ-

254 2530 497 2605 τιητέων,
524 2529 737 2608 ἀνεῦρε.
793 2531 874 2610 (οἱ
907 2530 968 2590 δὲ
1001 2528 1338 2611 ἀγαθοεργοὶ
1372 2528 1483 2588 εἶσὶ
1516 2528 1627 2587 τῶν
1654 2523 1859 2597 ἀστῶν,

258 2617 490 2685 ἐξιοντες
531 2622 592 2676 ἐκ
631 2620 743 2677 τῶν
786 2617 995 2679 ἱππέων
1030 2618 1139 2677 αἰεὶ
1174 2619 1228 2677 ὁὶ
1261 2613 1663 2694 πρεσβύτατοι,
1695 2614 1861 2673 πέντε

258 2705 402 2768 ἔτεος
433 2704 692 2764 ἑκάστου·
730 2703 862 2770 τούς
892 2705 977 2766 δεῖ
1007 2709 1208 2766 τοῦτον
1240 2703 1341 2766 cdv
1375 2702 1623 2764 ε’νιαυτὸν
1654 2700 1755 2764 τᾶν
1789 2699 1859 2762 ἂν

259 2791 442 2862 ἐξίωσι
484 2796 546 2852 ἐκ
586 2795 699 2853 τῶν
740 2793 966 2864 ιππέων,
994 2792 1384 2871 Σπαρτιητέων
1422 2793 1501 2869 τῷ
1545 2793 1707 2868 κοινῷ
1743 2789 1856 2848 δια-

258 2881 641 2958 πεμπομένους
662 2879 743 2958 μή
770 2880 1003 2941 ἐλινύειν
1026 2878 1239 2944 αλλους
1263 2878 1459 2959 ἄλλῃ).
1538 2874 1825 2937 Τούτων’
1786 2902 1860 2937 ων
1876 2878 1953 2935 68

258 2972 364 3028 τῶν
406 2967 619 3047 ἀνδρων
661 2969 843 3048 Α,ιχης
888 2967 1081 3048 ἀνεῦρε
1127 2972 1189 3028 ἐν
1232 2968 1408 3049 Τεγέῃ
1453 2964 1546 3026 καὶ
1586 2964 1894 3043 συντυχίῃ·

260 3055 610 3141 χρησάμενος
665 3056 759 3114 καὶ
817 3056 1018 3136 σοφίῃ·
1079 3054 1283 3132 εὀύσης
1340 3052 1453 3136 γὰρ
1511 3055 1709 3113 τοῦτον
1758 3051 1859 3113 τὸν

262 3142 457 3224 χρόνον
482 3133 758 3220 ἐπιμιξίης
780 3143 922 3221 πρὸς
944 3168 1073 3206 τους
1096 3141 1389 3222 Τεγεήτας,
1417 3140 1655 3201 ε’λθων’
1628 3165 1685 3202 ες
1713 3142 1856 3217 χαλ-

267 3229 413 3308 κήῖον
437 3230 653 3307 ἐθηεῖτο
678 3230 911 3308 σίδηρον
936 3227 1383 3303 ἐξελαυνόμενον,
1410 3227 1502 3286 καὶ
1527 3230 1586 3287 ἐν
1610 3225 1860 3301 θῶυματι
