<?xml version="1.0" encoding="UTF-8"?>
<!DOCTYPE html PUBLIC "-//W3C//DTD XHTML 1.0 Transitional//EN"
    "http://www.w3.org/TR/xhtml1/DTD/xhtml1-transitional.dtd">
<html xmlns="http://www.w3.org/1999/xhtml" xml:lang="en" lang="en">
 <head>
  <title>
</title>
<meta http-equiv="Content-Type" content="text/html;charset=utf-8" />
  <meta name='ocr-system' content='tesseract 3.04.00' />
  <meta name='ocr-capabilities' content='ocr_page ocr_carea ocr_par ocr_line ocrx_word'/>
</head>
<body>
  <div class='ocr_page' id='page_1' title='image "./herodotus02unkngoog_0291.png"; bbox 0 0 2184 3517; ppageno 0'>
   <div class='ocr_carea' id='block_1_1' title="bbox 233 111 1962 3345">
    <p class='ocr_par' dir='ltr' id='par_1_1' title="bbox 259 111 1881 974">
     <span class='ocr_line' id='line_1_1' title="bbox 274 111 1875 180; baseline -0.001 -14"><span class='ocrx_word' id='word_1_1' title='bbox 274 114 562 180; x_wconf 76' lang='lat'>141-146]</span> <span class='ocrx_word' id='word_1_2' title='bbox 941 114 1213 166; x_wconf 69' lang='lat' dir='ltr'>eAAmA.</span> <span class='ocrx_word' id='word_1_3' title='bbox 1781 111 1875 165; x_wconf 83' lang='lat'>271</span> 
     </span>
     <span class='ocr_line' id='line_1_2' title="bbox 268 190 1881 274; baseline 0.001 -19"><span class='ocrx_word' id='word_1_4' title='bbox 268 193 381 274; x_wconf 86' lang='grc' dir='ltr'>νόῳ</span> <span class='ocrx_word' id='word_1_5' title='bbox 413 193 533 274; x_wconf 76' lang='grc' dir='ltr'>εἶχε</span> <span class='ocrx_word' id='word_1_6' title='bbox 564 195 812 272; x_wconf 78' lang='grc' dir='ltr'>μετιέναι</span> <span class='ocrx_word' id='word_1_7' title='bbox 841 191 1034 270; x_wconf 80' lang='grc' dir='ltr'>αύτήν·</span> <span class='ocrx_word' id='word_1_8' title='bbox 1077 192 1214 254; x_wconf 76' lang='grc' dir='ltr'>ἀλλ’</span> <span class='ocrx_word' id='word_1_9' title='bbox 1241 192 1314 258; x_wconf 77' lang='grc' dir='ltr'>ὥς</span> <span class='ocrx_word' id='word_1_10' title='bbox 1342 190 1667 273; x_wconf 70' lang='grc' dir='ltr'>ἀνεχώρησε</span> <span class='ocrx_word' id='word_1_11' title='bbox 1693 198 1751 259; x_wconf 84' lang='grc' dir='ltr'>ἐς</span> <span class='ocrx_word' id='word_1_12' title='bbox 1772 195 1881 271; x_wconf 79' lang='grc' dir='ltr'>τήν</span> 
     </span>
     <span class='ocr_line' id='line_1_3' title="bbox 267 280 1878 363; baseline 0.001 -22"><span class='ocrx_word' id='word_1_13' title='bbox 267 280 598 358; x_wconf 75' lang='grc' dir='ltr'>ἀκρόπολιν,</span> <span class='ocrx_word' id='word_1_14' title='bbox 614 280 1114 359; x_wconf 81' lang='grc' dir='ltr'>μεταπεμπόμενος</span> <span class='ocrx_word' id='word_1_15' title='bbox 1132 281 1228 341; x_wconf 79' lang='grc' dir='ltr'>ἕνα</span> <span class='ocrx_word' id='word_1_16' title='bbox 1255 282 1495 342; x_wconf 75' lang='grc' dir='ltr'>ἕκαστον</span> <span class='ocrx_word' id='word_1_17' title='bbox 1514 281 1586 346; x_wconf 77' lang='grc' dir='ltr'>ὥς</span> <span class='ocrx_word' id='word_1_18' title='bbox 1611 281 1680 357; x_wconf 90' lang='grc' dir='ltr'>δη</span> <span class='ocrx_word' id='word_1_19' title='bbox 1700 281 1878 363; x_wconf 90' lang='grc' dir='ltr'>λόγον</span> 
     </span>
     <span class='ocr_line' id='line_1_4' title="bbox 263 369 1875 449; baseline 0.002 -21"><span class='ocrx_word' id='word_1_20' title='bbox 263 374 379 430; x_wconf 77' lang='grc' dir='ltr'>τῶν</span> <span class='ocrx_word' id='word_1_21' title='bbox 403 369 707 449; x_wconf 84' lang='grc' dir='ltr'>χρημάτων</span> <span class='ocrx_word' id='word_1_22' title='bbox 732 369 942 441; x_wconf 81' lang='grc' dir='ltr'>δώσων,</span> <span class='ocrx_word' id='word_1_23' title='bbox 958 371 1251 446; x_wconf 83' lang='grc' dir='ltr'>συνέλαβέ</span> <span class='ocrx_word' id='word_1_24' title='bbox 1275 375 1460 445; x_wconf 86' lang='grc' dir='ltr'>σφεας</span> <span class='ocrx_word' id='word_1_25' title='bbox 1477 370 1569 429; x_wconf 88' lang='grc' dir='ltr'>καὶ</span> <span class='ocrx_word' id='word_1_26' title='bbox 1585 371 1875 447; x_wconf 84' lang='grc' dir='ltr'>κατέδησε·</span> 
     </span>
     <span class='ocr_line' id='line_1_5' title="bbox 268 457 1875 536; baseline 0.002 -19"><span class='ocrx_word' id='word_1_27' title='bbox 268 461 325 517; x_wconf 79' lang='grc' dir='ltr'>οἳ</span> <span class='ocrx_word' id='word_1_28' title='bbox 353 460 461 536; x_wconf 83' lang='grc' dir='ltr'>μὲν</span> <span class='ocrx_word' id='word_1_29' title='bbox 494 458 564 534; x_wconf 80' lang='grc' dir='ltr'>δὴ</span> <span class='ocrx_word' id='word_1_30' title='bbox 602 458 871 519; x_wconf 79' lang='grc' dir='ltr'>ἐδεδέατο·</span> <span class='ocrx_word' id='word_1_31' title='bbox 913 457 1262 535; x_wconf 81' lang='grc' dir='ltr'>Μαιάνδριον</span> <span class='ocrx_word' id='word_1_32' title='bbox 1288 458 1350 517; x_wconf 83' lang='grc' dir='ltr'>δὲ</span> <span class='ocrx_word' id='word_1_33' title='bbox 1373 458 1518 534; x_wconf 83' lang='grc' dir='ltr'>μετοὶ</span> <span class='ocrx_word' id='word_1_34' title='bbox 1543 463 1719 518; x_wconf 85' lang='grc' dir='ltr'>ταῦτα</span> <span class='ocrx_word' id='word_1_35' title='bbox 1750 485 1875 520; x_wconf 88' lang='grc' dir='ltr'>κατ-</span> 
     </span>
     <span class='ocr_line' id='line_1_6' title="bbox 267 544 1878 623; baseline 0.001 -18"><span class='ocrx_word' id='word_1_36' title='bbox 267 545 452 622; x_wconf 85' lang='grc' dir='ltr'>έλαβε</span> <span class='ocrx_word' id='word_1_37' title='bbox 477 550 700 611; x_wconf 84' lang='grc' dir='ltr'>νοῦσος·</span> <span class='ocrx_word' id='word_1_38' title='bbox 742 546 982 618; x_wconf 81' lang='grc' dir='ltr'>ἐλπίζων</span> <span class='ocrx_word' id='word_1_39' title='bbox 1006 546 1070 606; x_wconf 89' lang='grc' dir='ltr'>δέ</span> <span class='ocrx_word' id='word_1_40' title='bbox 1091 571 1192 623; x_wconf 84' lang='grc' dir='ltr'>μιν</span> <span class='ocrx_word' id='word_1_41' title='bbox 1216 544 1631 606; x_wconf 74' lang='grc' dir='ltr'>ἀποθανέεσθαι</span> <span class='ocrx_word' id='word_1_42' title='bbox 1656 544 1690 606; x_wconf 80' lang='grc' dir='ltr'>ὅ</span> <span class='ocrx_word' id='word_1_43' title='bbox 1716 545 1878 607; x_wconf 86' lang='grc' dir='ltr'>οἷδελ-</span> 
     </span>
     <span class='ocr_line' id='line_1_7' title="bbox 265 632 1878 713; baseline 0 -20"><span class='ocrx_word' id='word_1_44' title='bbox 265 633 425 709; x_wconf 85' lang='grc' dir='ltr'>φεος,</span> <span class='ocrx_word' id='word_1_45' title='bbox 456 638 535 713; x_wconf 75' lang='grc' dir='ltr'>τῷ</span> <span class='ocrx_word' id='word_1_46' title='bbox 574 659 789 712; x_wconf 87' lang='grc' dir='ltr'>ουνομα</span> <span class='ocrx_word' id='word_1_47' title='bbox 822 635 917 710; x_wconf 84' lang='grc' dir='ltr'>ἔην</span> <span class='ocrx_word' id='word_1_48' title='bbox 955 633 1300 710; x_wconf 77' lang='grc' dir='ltr'>Λυκάρητος,</span> <span class='ocrx_word' id='word_1_49' title='bbox 1343 634 1434 694; x_wconf 87' lang='grc' dir='ltr'>ἶνα</span> <span class='ocrx_word' id='word_1_50' title='bbox 1474 632 1878 713; x_wconf 81' lang='grc' dir='ltr'>εύπετεστέρως</span> 
     </span>
     <span class='ocr_line' id='line_1_8' title="bbox 265 720 1878 802; baseline 0.002 -22"><span class='ocrx_word' id='word_1_51' title='bbox 265 720 530 801; x_wconf 84' lang='grc' dir='ltr'>κατάσχῃ</span> <span class='ocrx_word' id='word_1_52' title='bbox 554 720 626 782; x_wconf 80' lang='grc' dir='ltr'>τοὶ</span> <span class='ocrx_word' id='word_1_53' title='bbox 653 727 712 782; x_wconf 92' lang='grc' dir='ltr'>ἐν</span> <span class='ocrx_word' id='word_1_54' title='bbox 730 724 804 801; x_wconf 78' lang='grc' dir='ltr'>τῇ</span> <span class='ocrx_word' id='word_1_55' title='bbox 832 721 1004 801; x_wconf 80' lang='grc' dir='ltr'>Σάμῳ</span> <span class='ocrx_word' id='word_1_56' title='bbox 1027 720 1352 802; x_wconf 87' lang='grc' dir='ltr'>πρήγματα,</span> <span class='ocrx_word' id='word_1_57' title='bbox 1381 721 1721 782; x_wconf 83' lang='grc' dir='ltr'>κατακτείνει</span> <span class='ocrx_word' id='word_1_58' title='bbox 1745 722 1878 788; x_wconf 79' lang='grc' dir='ltr'>τούς</span> 
     </span>
     <span class='ocr_line' id='line_1_9' title="bbox 263 801 1871 896; baseline 0.002 -28"><span class='ocrx_word' id='word_1_59' title='bbox 263 801 614 887; x_wconf 78' lang='grc' dir='ltr'>δεσμώτας</span> <span class='ocrx_word' id='word_1_60' title='bbox 581 809 813 874; x_wconf 80' lang='grc' dir='ltr'>πάντας.</span> <span class='ocrx_word' id='word_1_61' title='bbox 882 808 947 869; x_wconf 80' lang='grc' dir='ltr'>οὖ</span> <span class='ocrx_word' id='word_1_62' title='bbox 970 835 1081 896; x_wconf 71' lang='lat' dir='ltr'>yar&gt;</span> <span class='ocrx_word' id='word_1_63' title='bbox 1110 808 1197 886; x_wconf 88' lang='grc' dir='ltr'>δη,</span> <span class='ocrx_word' id='word_1_64' title='bbox 1225 835 1297 873; x_wconf 88' lang='grc' dir='ltr'>ως</span> <span class='ocrx_word' id='word_1_65' title='bbox 1323 809 1527 880; x_wconf 84' lang='grc' dir='ltr'>οἴκασι,</span> <span class='ocrx_word' id='word_1_66' title='bbox 1558 810 1871 886; x_wconf 87' lang='grc' dir='ltr'>ἐβουλέατο</span> 
     </span>
     <span class='ocr_line' id='line_1_10' title="bbox 259 895 737 974; baseline 0.004 -19"><span class='ocrx_word' id='word_1_67' title='bbox 259 895 408 956; x_wconf 76' lang='grc' dir='ltr'>εἶναι</span> <span class='ocrx_word' id='word_1_68' title='bbox 435 897 737 974; x_wconf 83' lang='grc' dir='ltr'>ἐλεύθεροι.</span> 
     </span>
    </p>

    <p class='ocr_par' dir='ltr' id='par_1_2' title="bbox 233 928 1962 3345">
     <span class='ocr_line' id='line_1_11' title="bbox 344 928 1962 1061; baseline 0.002 -17"><span class='ocrx_word' id='word_1_69' title='bbox 344 983 574 1060; x_wconf 73' lang='grc' dir='ltr'>Ἐπειδὴ</span> <span class='ocrx_word' id='word_1_70' title='bbox 616 984 692 1045; x_wconf 80' lang='grc' dir='ltr'>ὦν</span> <span class='ocrx_word' id='word_1_71' title='bbox 732 983 999 1045; x_wconf 73' lang='grc' dir='ltr'>ἀπίκοντο</span> <span class='ocrx_word' id='word_1_72' title='bbox 1041 988 1096 1047; x_wconf 80' lang='grc' dir='ltr'>ἐς</span> <span class='ocrx_word' id='word_1_73' title='bbox 1136 1010 1240 1059; x_wconf 87' lang='grc' dir='ltr'>την</span> <span class='ocrx_word' id='word_1_74' title='bbox 1279 928 1474 1060; x_wconf 79' lang='grc' dir='ltr'>Σάμον</span> <span class='ocrx_word' id='word_1_75' title='bbox 1514 986 1568 1044; x_wconf 79' lang='grc' dir='ltr'>οἳ</span> <span class='ocrx_word' id='word_1_76' title='bbox 1608 985 1835 1061; x_wconf 82' lang='grc' dir='ltr'>Πέρσαι</span> <span class='ocrx_word' id='word_1_77' title='bbox 1854 988 1962 1048; x_wconf 82' lang='lat'>144</span> 
     </span>
     <span class='ocr_line' id='line_1_12' title="bbox 263 1070 1874 1153; baseline 0.001 -23"><span class='ocrx_word' id='word_1_78' title='bbox 263 1072 599 1153; x_wconf 84' lang='grc' dir='ltr'>κατάγοντες</span> <span class='ocrx_word' id='word_1_79' title='bbox 632 1074 994 1141; x_wconf 75' lang='grc' dir='ltr'>Συλοσῶντα,</span> <span class='ocrx_word' id='word_1_80' title='bbox 1022 1070 1153 1132; x_wconf 81' lang='grc' dir='ltr'>οὔτε</span> <span class='ocrx_word' id='word_1_81' title='bbox 1180 1071 1265 1135; x_wconf 88' lang='grc' dir='ltr'>τίς</span> <span class='ocrx_word' id='word_1_82' title='bbox 1299 1076 1414 1148; x_wconf 86' lang='grc' dir='ltr'>σφι</span> <span class='ocrx_word' id='word_1_83' title='bbox 1445 1074 1638 1151; x_wconf 82' lang='grc' dir='ltr'>χεῖρας</span> <span class='ocrx_word' id='word_1_84' title='bbox 1664 1071 1874 1133; x_wconf 84' lang='grc' dir='ltr'>οἷνταεί-</span> 
     </span>
     <span class='ocr_line' id='line_1_13' title="bbox 257 1157 1874 1236; baseline 0.001 -17"><span class='ocrx_word' id='word_1_85' title='bbox 257 1183 419 1236; x_wconf 86' lang='grc' dir='ltr'>ρεται</span> <span class='ocrx_word' id='word_1_86' title='bbox 459 1158 813 1220; x_wconf 72' lang='grc' dir='ltr'>ὑπόσπονδοί</span> <span class='ocrx_word' id='word_1_87' title='bbox 851 1184 916 1220; x_wconf 89' lang='grc' dir='ltr'>τε</span> <span class='ocrx_word' id='word_1_88' title='bbox 959 1159 1187 1235; x_wconf 81' lang='grc' dir='ltr'>ἔφασαν</span> <span class='ocrx_word' id='word_1_89' title='bbox 1230 1157 1368 1218; x_wconf 81' lang='grc' dir='ltr'>εἶναι</span> <span class='ocrx_word' id='word_1_90' title='bbox 1412 1161 1625 1235; x_wconf 81' lang='grc' dir='ltr'>ἑτοῖμοι</span> <span class='ocrx_word' id='word_1_91' title='bbox 1666 1162 1721 1218; x_wconf 80' lang='grc' dir='ltr'>οἱ</span> <span class='ocrx_word' id='word_1_92' title='bbox 1771 1164 1874 1221; x_wconf 81' lang='grc' dir='ltr'>τοῦ</span> 
     </span>
     <span class='ocr_line' id='line_1_14' title="bbox 259 1244 1874 1327; baseline -0.001 -21"><span class='ocrx_word' id='word_1_93' title='bbox 259 1247 612 1325; x_wconf 86' lang='grc' dir='ltr'>Μαιανδρίου</span> <span class='ocrx_word' id='word_1_94' title='bbox 647 1251 964 1308; x_wconf 74' lang='grc' dir='ltr'>στασιῶται</span> <span class='ocrx_word' id='word_1_95' title='bbox 997 1246 1091 1305; x_wconf 83' lang='grc' dir='ltr'>καὶ</span> <span class='ocrx_word' id='word_1_96' title='bbox 1129 1244 1298 1309; x_wconf 61' lang='lat' dir='ltr'>ank-‹35-</span> <span class='ocrx_word' id='word_1_97' title='bbox 1335 1244 1680 1322; x_wconf 86' lang='grc' dir='ltr'>Μαιάνδριος</span> <span class='ocrx_word' id='word_1_98' title='bbox 1706 1251 1874 1327; x_wconf 85' lang='grc' dir='ltr'>ἐκχω-</span> 
     </span>
     <span class='ocr_line' id='line_1_15' title="bbox 256 1332 1872 1412; baseline 0.001 -19"><span class='ocrx_word' id='word_1_99' title='bbox 256 1337 438 1410; x_wconf 84' lang='grc' dir='ltr'>ρῆσαι</span> <span class='ocrx_word' id='word_1_100' title='bbox 469 1340 530 1395; x_wconf 88' lang='grc' dir='ltr'>ἐκ</span> <span class='ocrx_word' id='word_1_101' title='bbox 561 1338 664 1412; x_wconf 82' lang='grc' dir='ltr'>τῆς</span> <span class='ocrx_word' id='word_1_102' title='bbox 695 1334 893 1410; x_wconf 85' lang='grc' dir='ltr'>νήσου·</span> <span class='ocrx_word' id='word_1_103' title='bbox 937 1335 1366 1397; x_wconf 87' lang='grc' dir='ltr'>καταινέσαντος</span> <span class='ocrx_word' id='word_1_104' title='bbox 1400 1332 1447 1393; x_wconf 85' lang='grc' dir='ltr'>δ’</span> <span class='ocrx_word' id='word_1_105' title='bbox 1483 1334 1577 1393; x_wconf 81' lang='grc' dir='ltr'>ἐπὶ</span> <span class='ocrx_word' id='word_1_106' title='bbox 1617 1333 1872 1395; x_wconf 89' lang='grc' dir='ltr'>τούτοισι</span> 
     </span>
     <span class='ocr_line' id='line_1_16' title="bbox 256 1419 1871 1500; baseline 0.002 -20"><span class='ocrx_word' id='word_1_107' title='bbox 256 1419 508 1484; x_wconf 86' lang='grc' dir='ltr'>Ὀτάνεω</span> <span class='ocrx_word' id='word_1_108' title='bbox 535 1423 629 1482; x_wconf 83' lang='grc' dir='ltr'>καὶ</span> <span class='ocrx_word' id='word_1_109' title='bbox 654 1425 1057 1500; x_wconf 87' lang='grc' dir='ltr'>σπεισαμένου,</span> <span class='ocrx_word' id='word_1_110' title='bbox 1082 1425 1195 1481; x_wconf 77' lang='grc' dir='ltr'>τῶν</span> <span class='ocrx_word' id='word_1_111' title='bbox 1222 1421 1490 1496; x_wconf 88' lang='grc' dir='ltr'>Περσέων</span> <span class='ocrx_word' id='word_1_112' title='bbox 1516 1424 1571 1481; x_wconf 80' lang='grc' dir='ltr'>οἳ</span> <span class='ocrx_word' id='word_1_113' title='bbox 1595 1423 1871 1483; x_wconf 82' lang='grc' dir='ltr'>πλείστου</span> 
     </span>
     <span class='ocr_line' id='line_1_17' title="bbox 253 1507 1872 1588; baseline 0 -20"><span class='ocrx_word' id='word_1_114' title='bbox 253 1507 406 1579; x_wconf 80' lang='grc' dir='ltr'>α”ξιοι</span> <span class='ocrx_word' id='word_1_115' title='bbox 448 1511 679 1588; x_wconf 88' lang='grc' dir='ltr'>θρόνους</span> <span class='ocrx_word' id='word_1_116' title='bbox 726 1511 948 1587; x_wconf 89' lang='grc' dir='ltr'>θέμενοι</span> <span class='ocrx_word' id='word_1_117' title='bbox 993 1510 1346 1570; x_wconf 88' lang='grc' dir='ltr'>κατεναντίον</span> <span class='ocrx_word' id='word_1_118' title='bbox 1382 1511 1485 1585; x_wconf 76' lang='grc' dir='ltr'>τῆς</span> <span class='ocrx_word' id='word_1_119' title='bbox 1530 1507 1872 1586; x_wconf 74' lang='grc' dir='ltr'>ἀκροπόλιος</span> 
     </span>
     <span class='ocr_line' id='line_1_18' title="bbox 251 1595 1959 1676; baseline 0.001 -21"><span class='ocrx_word' id='word_1_120' title='bbox 251 1598 543 1659; x_wconf 84' lang='grc' dir='ltr'>ἐκατέατο.</span> <span class='ocrx_word' id='word_1_121' title='bbox 610 1597 936 1675; x_wconf 80' lang='grc' dir='ltr'>Μαιανδρίῳ</span> <span class='ocrx_word' id='word_1_122' title='bbox 973 1597 1035 1657; x_wconf 77' lang='grc' dir='ltr'>δὲ</span> <span class='ocrx_word' id='word_1_123' title='bbox 1067 1599 1149 1676; x_wconf 76' lang='grc' dir='ltr'>τῷ</span> <span class='ocrx_word' id='word_1_124' title='bbox 1179 1596 1424 1676; x_wconf 80' lang='grc' dir='ltr'>τυράννῳ</span> <span class='ocrx_word' id='word_1_125' title='bbox 1450 1595 1520 1672; x_wconf 86' lang='grc' dir='ltr'>ἦν</span> <span class='ocrx_word' id='word_1_126' title='bbox 1553 1596 1829 1675; x_wconf 77' lang='grc' dir='ltr'>ἀδελφεὰς</span> <span class='ocrx_word' id='word_1_127' title='bbox 1848 1601 1959 1661; x_wconf 86' lang='grc'>145</span> 
     </span>
     <span class='ocr_line' id='line_1_19' title="bbox 250 1683 1866 1768; baseline 0.002 -24"><span class='ocrx_word' id='word_1_128' title='bbox 250 1684 714 1768; x_wconf 70' lang='grc' dir='ltr'>ὑπομαργότερος</span> <span class='ocrx_word' id='word_1_129' title='bbox 751 1690 828 1765; x_wconf 79' lang='grc' dir='ltr'>τῷ</span> <span class='ocrx_word' id='word_1_130' title='bbox 861 1683 1073 1762; x_wconf 75' lang='grc' dir='ltr'>οὕνομα</span> <span class='ocrx_word' id='word_1_131' title='bbox 1108 1683 1179 1760; x_wconf 86' lang='grc' dir='ltr'>ἦν</span> <span class='ocrx_word' id='word_1_132' title='bbox 1211 1685 1522 1762; x_wconf 86' lang='grc' dir='ltr'>Χαρίλεως·</span> <span class='ocrx_word' id='word_1_133' title='bbox 1564 1683 1726 1750; x_wconf 80' lang='grc' dir='ltr'>οὗτος</span> <span class='ocrx_word' id='word_1_134' title='bbox 1751 1686 1786 1746; x_wconf 84' lang='grc' dir='ltr'><strong><em>ὅ</em></strong></span> <span class='ocrx_word' id='word_1_135' title='bbox 1807 1712 1866 1747; x_wconf 89' lang='grc' dir='ltr'>τι</span> 
     </span>
     <span class='ocr_line' id='line_1_20' title="bbox 250 1771 1864 1855; baseline 0.001 -23"><span class='ocrx_word' id='word_1_136' title='bbox 250 1772 327 1849; x_wconf 75' lang='grc' dir='ltr'>δή</span> <span class='ocrx_word' id='word_1_137' title='bbox 367 1774 692 1853; x_wconf 72' lang='grc' dir='ltr'>ἐξαμαρτών</span> <span class='ocrx_word' id='word_1_138' title='bbox 718 1778 778 1834; x_wconf 88' lang='grc' dir='ltr'>ἐν</span> <span class='ocrx_word' id='word_1_139' title='bbox 802 1773 1053 1855; x_wconf 81' lang='grc' dir='ltr'>γοργύρῃ</span> <span class='ocrx_word' id='word_1_140' title='bbox 1086 1772 1319 1834; x_wconf 82' lang='grc' dir='ltr'>ἐδέδετο·</span> <span class='ocrx_word' id='word_1_141' title='bbox 1363 1772 1456 1832; x_wconf 88' lang='grc' dir='ltr'>καὶ</span> <span class='ocrx_word' id='word_1_142' title='bbox 1481 1771 1550 1848; x_wconf 76' lang='grc' dir='ltr'>δή</span> <span class='ocrx_word' id='word_1_143' title='bbox 1574 1771 1706 1833; x_wconf 88' lang='grc' dir='ltr'>τότε</span> <span class='ocrx_word' id='word_1_144' title='bbox 1733 1778 1864 1833; x_wconf 87' lang='grc' dir='ltr'>ἐπα·</span> 
     </span>
     <span class='ocr_line' id='line_1_21' title="bbox 249 1859 1861 1945; baseline -0.001 -24"><span class='ocrx_word' id='word_1_145' title='bbox 249 1860 465 1926; x_wconf 86' lang='grc' dir='ltr'>κούσας</span> <span class='ocrx_word' id='word_1_146' title='bbox 488 1887 551 1922; x_wconf 89' lang='grc' dir='ltr'>τε</span> <span class='ocrx_word' id='word_1_147' title='bbox 574 1862 648 1923; x_wconf 75' lang='grc' dir='ltr'>τα</span> <span class='ocrx_word' id='word_1_148' title='bbox 671 1860 1047 1940; x_wconf 88' lang='grc' dir='ltr'>πρησσόμενα</span> <span class='ocrx_word' id='word_1_149' title='bbox 1075 1860 1170 1920; x_wconf 87' lang='grc' dir='ltr'>καὶ</span> <span class='ocrx_word' id='word_1_150' title='bbox 1194 1859 1465 1939; x_wconf 85' lang='grc' dir='ltr'>διακύψας</span> <span class='ocrx_word' id='word_1_151' title='bbox 1492 1859 1583 1919; x_wconf 83' lang='grc' dir='ltr'>διοὶ</span> <span class='ocrx_word' id='word_1_152' title='bbox 1607 1863 1708 1936; x_wconf 83' lang='grc' dir='ltr'>τῆς</span> <span class='ocrx_word' id='word_1_153' title='bbox 1729 1886 1861 1945; x_wconf 88' lang='grc' dir='ltr'>γορ-</span> 
     </span>
     <span class='ocr_line' id='line_1_22' title="bbox 245 1947 1861 2030; baseline -0.002 -18"><span class='ocrx_word' id='word_1_154' title='bbox 245 1948 443 2030; x_wconf 75' lang='grc' dir='ltr'>γύρης,</span> <span class='ocrx_word' id='word_1_155' title='bbox 485 1950 558 2015; x_wconf 77' lang='grc' dir='ltr'>ὦς</span> <span class='ocrx_word' id='word_1_156' title='bbox 599 1949 711 2010; x_wconf 76' lang='grc' dir='ltr'>εἶδε</span> <span class='ocrx_word' id='word_1_157' title='bbox 748 1949 877 2013; x_wconf 72' lang='grc' dir='ltr'>τούς</span> <span class='ocrx_word' id='word_1_158' title='bbox 917 1948 1154 2026; x_wconf 82' lang='grc' dir='ltr'>Πέρσας</span> <span class='ocrx_word' id='word_1_159' title='bbox 1194 1949 1476 2026; x_wconf 79' lang='grc' dir='ltr'>εἰρηναίως</span> <span class='ocrx_word' id='word_1_160' title='bbox 1509 1947 1861 2026; x_wconf 83' lang='grc' dir='ltr'>κατημένους,</span> 
     </span>
     <span class='ocr_line' id='line_1_23' title="bbox 247 2035 1858 2118; baseline -0.001 -20"><span class='ocrx_word' id='word_1_161' title='bbox 247 2037 400 2113; x_wconf 84' lang='grc' dir='ltr'>ἐβόα</span> <span class='ocrx_word' id='word_1_162' title='bbox 429 2063 492 2098; x_wconf 91' lang='grc' dir='ltr'>τε</span> <span class='ocrx_word' id='word_1_163' title='bbox 524 2038 616 2097; x_wconf 89' lang='grc' dir='ltr'>καὶ</span> <span class='ocrx_word' id='word_1_164' title='bbox 647 2039 758 2114; x_wconf 82' lang='grc' dir='ltr'>ἔφη</span> <span class='ocrx_word' id='word_1_165' title='bbox 794 2037 974 2118; x_wconf 88' lang='grc' dir='ltr'>λέγων</span> <span class='ocrx_word' id='word_1_166' title='bbox 1012 2036 1339 2115; x_wconf 77' lang='grc' dir='ltr'>Μαιανδρίῳ</span> <span class='ocrx_word' id='word_1_167' title='bbox 1368 2037 1554 2098; x_wconf 80' lang='grc' dir='ltr'>θέλειν</span> <span class='ocrx_word' id='word_1_168' title='bbox 1581 2035 1767 2096; x_wconf 80' lang='grc' dir='ltr'>ἐλθεῖν</span> <span class='ocrx_word' id='word_1_169' title='bbox 1803 2041 1858 2101; x_wconf 85' lang='grc' dir='ltr'>ἐς</span> 
     </span>
     <span class='ocr_line' id='line_1_24' title="bbox 244 2122 1857 2206; baseline 0.001 -23"><span class='ocrx_word' id='word_1_170' title='bbox 244 2123 477 2206; x_wconf 84' lang='grc' dir='ltr'>λόγους·</span> <span class='ocrx_word' id='word_1_171' title='bbox 517 2125 834 2190; x_wconf 81' lang='grc' dir='ltr'>ἐπακούσας</span> <span class='ocrx_word' id='word_1_172' title='bbox 856 2126 919 2185; x_wconf 82' lang='grc' dir='ltr'>δὲ</span> <span class='ocrx_word' id='word_1_173' title='bbox 943 2124 977 2186; x_wconf 80' lang='grc' dir='ltr'>ὅ</span> <span class='ocrx_word' id='word_1_174' title='bbox 1003 2123 1350 2199; x_wconf 84' lang='grc' dir='ltr'>Μαιάνδριος</span> <span class='ocrx_word' id='word_1_175' title='bbox 1375 2122 1660 2187; x_wconf 85' lang='grc' dir='ltr'>λύσαντας</span> <span class='ocrx_word' id='word_1_176' title='bbox 1685 2122 1857 2185; x_wconf 75' lang='grc' dir='ltr'>αὐτὸν</span> 
     </span>
     <span class='ocr_line' id='line_1_25' title="bbox 247 2209 1856 2296; baseline 0.001 -24"><span class='ocrx_word' id='word_1_177' title='bbox 247 2213 479 2274; x_wconf 85' lang='grc' dir='ltr'>ἐκέλευε</span> <span class='ocrx_word' id='word_1_178' title='bbox 497 2213 654 2296; x_wconf 79' lang='grc' dir='ltr'>ἄγειν</span> <span class='ocrx_word' id='word_1_179' title='bbox 678 2212 809 2291; x_wconf 88' lang='grc' dir='ltr'>παρ’</span> <span class='ocrx_word' id='word_1_180' title='bbox 826 2212 1045 2274; x_wconf 81' lang='grc' dir='ltr'>ἑωυτόν·</span> <span class='ocrx_word' id='word_1_181' title='bbox 1087 2211 1162 2276; x_wconf 82' lang='grc' dir='ltr'>ώς</span> <span class='ocrx_word' id='word_1_182' title='bbox 1188 2210 1248 2270; x_wconf 75' lang='grc' dir='ltr'>δὲ</span> <span class='ocrx_word' id='word_1_183' title='bbox 1274 2209 1423 2290; x_wconf 79' lang='grc' dir='ltr'>ἄχθη</span> <span class='ocrx_word' id='word_1_184' title='bbox 1448 2210 1712 2289; x_wconf 66' lang='grc' dir='ltr'>τᾶχιπα,</span> <span class='ocrx_word' id='word_1_185' title='bbox 1737 2215 1856 2274; x_wconf 85' lang='grc' dir='ltr'>λοι·</span> 
     </span>
     <span class='ocr_line' id='line_1_26' title="bbox 246 2298 1858 2378; baseline -0.001 -17"><span class='ocrx_word' id='word_1_186' title='bbox 246 2299 458 2378; x_wconf 78' lang='grc' dir='ltr'>δορέων</span> <span class='ocrx_word' id='word_1_187' title='bbox 480 2326 545 2362; x_wconf 89' lang='grc' dir='ltr'>τε</span> <span class='ocrx_word' id='word_1_188' title='bbox 576 2302 670 2361; x_wconf 83' lang='grc' dir='ltr'>καὶ</span> <span class='ocrx_word' id='word_1_189' title='bbox 710 2301 943 2373; x_wconf 83' lang='grc' dir='ltr'>κακίζων</span> <span class='ocrx_word' id='word_1_190' title='bbox 967 2325 1067 2378; x_wconf 86' lang='grc' dir='ltr'>μιν</span> <span class='ocrx_word' id='word_1_191' title='bbox 1090 2298 1346 2359; x_wconf 78' lang='grc' dir='ltr'>ἀνέπειθε</span> <span class='ocrx_word' id='word_1_192' title='bbox 1384 2298 1681 2358; x_wconf 84' lang='grc' dir='ltr'>ἐπιθέσθαι</span> <span class='ocrx_word' id='word_1_193' title='bbox 1704 2302 1858 2359; x_wconf 87' lang='grc' dir='ltr'>τοῖσι</span> 
     </span>
     <span class='ocr_line' id='line_1_27' title="bbox 246 2383 1852 2471; baseline -0.001 -23"><span class='ocrx_word' id='word_1_194' title='bbox 246 2389 537 2468; x_wconf 81' lang='grc' dir='ltr'>Πέρσῃσι,</span> <span class='ocrx_word' id='word_1_195' title='bbox 578 2390 764 2471; x_wconf 84' lang='grc' dir='ltr'>λέγων</span> <span class='ocrx_word' id='word_1_196' title='bbox 797 2388 1005 2450; x_wconf 87' lang='grc' dir='ltr'>τοιάδε·</span> <span class='ocrx_word' id='word_1_197' title='bbox 1064 2387 1206 2464; x_wconf 58' lang='lat' dir='ltr'>“epi</span> <span class='ocrx_word' id='word_1_198' title='bbox 1244 2388 1365 2462; x_wconf 79' lang='grc' dir='ltr'>μὲν,</span> <span class='ocrx_word' id='word_1_199' title='bbox 1408 2383 1452 2444; x_wconf 79' lang='grc' dir='ltr'><strong><em>ὦ</em></strong></span> <span class='ocrx_word' id='word_1_200' title='bbox 1492 2384 1722 2446; x_wconf 87' lang='grc' dir='ltr'>κάκιστε</span> <span class='ocrx_word' id='word_1_201' title='bbox 1761 2384 1852 2447; x_wconf 84' lang='grc' dir='ltr'>α’ν-</span> 
     </span>
     <span class='ocr_line' id='line_1_28' title="bbox 244 2471 1854 2554; baseline -0.001 -17"><span class='ocrx_word' id='word_1_202' title='bbox 244 2475 413 2554; x_wconf 82' lang='grc' dir='ltr'>δρῶν,</span> <span class='ocrx_word' id='word_1_203' title='bbox 439 2477 601 2539; x_wconf 87' lang='grc' dir='ltr'>ἐόντα</span> <span class='ocrx_word' id='word_1_204' title='bbox 626 2480 873 2539; x_wconf 77' lang='grc' dir='ltr'>σεωυτοῦ</span> <span class='ocrx_word' id='word_1_205' title='bbox 896 2473 1180 2553; x_wconf 72' lang='grc' dir='ltr'>ἀδελφεὰν</span> <span class='ocrx_word' id='word_1_206' title='bbox 1204 2474 1298 2534; x_wconf 86' lang='grc' dir='ltr'>καὶ</span> <span class='ocrx_word' id='word_1_207' title='bbox 1323 2471 1670 2549; x_wconf 80' lang='grc' dir='ltr'>ἀδικήσαντα</span> <span class='ocrx_word' id='word_1_208' title='bbox 1695 2471 1854 2535; x_wconf 76' lang='grc' dir='ltr'>οὐδὲν</span> 
     </span>
     <span class='ocr_line' id='line_1_29' title="bbox 243 2559 1854 2647; baseline -0.002 -22"><span class='ocrx_word' id='word_1_209' title='bbox 243 2562 406 2634; x_wconf 72' lang='grc' dir='ltr'>ἄξιον</span> <span class='ocrx_word' id='word_1_210' title='bbox 451 2566 665 2644; x_wconf 80' lang='grc' dir='ltr'>δεσμοῦ</span> <span class='ocrx_word' id='word_1_211' title='bbox 706 2565 888 2641; x_wconf 86' lang='grc' dir='ltr'>δήσας</span> <span class='ocrx_word' id='word_1_212' title='bbox 930 2562 1216 2647; x_wconf 75' lang='grc' dir='ltr'>γοργύρης</span> <span class='ocrx_word' id='word_1_213' title='bbox 1264 2560 1529 2638; x_wconf 79' lang='grc' dir='ltr'>ἠξίωσας,</span> <span class='ocrx_word' id='word_1_214' title='bbox 1577 2559 1749 2638; x_wconf 77' lang='grc' dir='ltr'>ὁρέων</span> <span class='ocrx_word' id='word_1_215' title='bbox 1793 2561 1854 2621; x_wconf 80' lang='grc' dir='ltr'>δὲ</span> 
     </span>
     <span class='ocr_line' id='line_1_30' title="bbox 237 2648 1850 2731; baseline -0.003 -18"><span class='ocrx_word' id='word_1_216' title='bbox 237 2651 379 2717; x_wconf 69' lang='grc' dir='ltr'>τοῦς</span> <span class='ocrx_word' id='word_1_217' title='bbox 404 2653 637 2731; x_wconf 81' lang='grc' dir='ltr'>Πέρσας</span> <span class='ocrx_word' id='word_1_218' title='bbox 671 2652 1060 2730; x_wconf 85' lang='grc' dir='ltr'>ἐκβάλλοντάς</span> <span class='ocrx_word' id='word_1_219' title='bbox 1082 2677 1149 2713; x_wconf 92' lang='grc' dir='ltr'>τε</span> <span class='ocrx_word' id='word_1_220' title='bbox 1172 2675 1244 2712; x_wconf 87' lang='grc' dir='ltr'>σε</span> <span class='ocrx_word' id='word_1_221' title='bbox 1270 2649 1365 2711; x_wconf 81' lang='grc' dir='ltr'>καὶ</span> <span class='ocrx_word' id='word_1_222' title='bbox 1390 2648 1613 2710; x_wconf 76' lang='grc' dir='ltr'>ἄνοικον</span> <span class='ocrx_word' id='word_1_223' title='bbox 1636 2651 1850 2709; x_wconf 64' lang='grc' dir='ltr'>ποιεῦνο</span> 
     </span>
     <span class='ocr_line' id='line_1_31' title="bbox 239 2735 1852 2822; baseline -0.002 -21"><span class='ocrx_word' id='word_1_224' title='bbox 239 2764 365 2811; x_wconf 84' lang='grc' dir='ltr'>τας,</span> <span class='ocrx_word' id='word_1_225' title='bbox 392 2740 459 2801; x_wconf 81' lang='grc' dir='ltr'>οὗ</span> <span class='ocrx_word' id='word_1_226' title='bbox 484 2745 703 2822; x_wconf 75' lang='grc' dir='ltr'>τολμᾷς</span> <span class='ocrx_word' id='word_1_227' title='bbox 726 2742 1003 2802; x_wconf 84' lang='grc' dir='ltr'>τίσασθαι</span> <span class='ocrx_word' id='word_1_228' title='bbox 1029 2739 1171 2801; x_wconf 75' lang='grc' dir='ltr'>οὕτω</span> <span class='ocrx_word' id='word_1_229' title='bbox 1196 2739 1267 2816; x_wconf 85' lang='grc' dir='ltr'>δή</span> <span class='ocrx_word' id='word_1_230' title='bbox 1291 2764 1350 2800; x_wconf 86' lang='grc' dir='ltr'>τι</span> <span class='ocrx_word' id='word_1_231' title='bbox 1375 2737 1568 2803; x_wconf 85' lang='grc' dir='ltr'>ἐόντας</span> <span class='ocrx_word' id='word_1_232' title='bbox 1595 2735 1852 2801; x_wconf 75' lang='grc' dir='ltr'>εὐπετέας</span> 
     </span>
     <span class='ocr_line' id='line_1_32' title="bbox 238 2824 1853 2908; baseline -0.002 -20"><span class='ocrx_word' id='word_1_233' title='bbox 238 2830 582 2908; x_wconf 84' lang='grc' dir='ltr'>χειρωθῆναι</span> <span class='ocrx_word' id='word_1_234' title='bbox 599 2854 615 2899; x_wconf 90' lang='lat'>;</span> <span class='ocrx_word' id='word_1_235' title='bbox 656 2828 789 2890; x_wconf 77' lang='grc' dir='ltr'>ἀλλ’</span> <span class='ocrx_word' id='word_1_236' title='bbox 810 2829 940 2891; x_wconf 82' lang='grc' dir='ltr'>εἴτι</span> <span class='ocrx_word' id='word_1_237' title='bbox 963 2828 1041 2889; x_wconf 89' lang='grc' dir='ltr'>σύ</span> <span class='ocrx_word' id='word_1_238' title='bbox 1059 2834 1246 2905; x_wconf 86' lang='grc' dir='ltr'>σφεας</span> <span class='ocrx_word' id='word_1_239' title='bbox 1270 2825 1711 2905; x_wconf 87' lang='grc' dir='ltr'>καταρρώδηκας,</span> <span class='ocrx_word' id='word_1_240' title='bbox 1727 2824 1853 2902; x_wconf 83' lang='grc' dir='ltr'>ἐμοὶ</span> 
     </span>
     <span class='ocr_line' id='line_1_33' title="bbox 237 2911 1846 2995; baseline -0.003 -18"><span class='ocrx_word' id='word_1_241' title='bbox 237 2916 343 2979; x_wconf 77' lang='grc' dir='ltr'>δός</span> <span class='ocrx_word' id='word_1_242' title='bbox 378 2916 510 2980; x_wconf 78' lang='grc' dir='ltr'>τούς</span> <span class='ocrx_word' id='word_1_243' title='bbox 550 2916 893 2994; x_wconf 82' lang='grc' dir='ltr'>ἐπικούρους·</span> <span class='ocrx_word' id='word_1_244' title='bbox 946 2917 1046 2977; x_wconf 86' lang='grc' dir='ltr'>καί</span> <span class='ocrx_word' id='word_1_245' title='bbox 1080 2922 1266 2992; x_wconf 85' lang='grc' dir='ltr'>σφεας</span> <span class='ocrx_word' id='word_1_246' title='bbox 1307 2916 1416 2995; x_wconf 74' lang='grc' dir='ltr'>ἐγώ</span> <span class='ocrx_word' id='word_1_247' title='bbox 1453 2911 1846 2992; x_wconf 84' lang='grc' dir='ltr'>τιμωρήσομαι</span> 
     </span>
     <span class='ocr_line' id='line_1_34' title="bbox 233 3001 1853 3080; baseline -0.002 -13"><span class='ocrx_word' id='word_1_248' title='bbox 233 3005 347 3080; x_wconf 59' lang='grc' dir='ltr'>*ἧς</span> <span class='ocrx_word' id='word_1_249' title='bbox 391 3003 586 3066; x_wconf 87' lang='grc' dir='ltr'>ἐνθάδε</span> <span class='ocrx_word' id='word_1_250' title='bbox 632 3003 866 3075; x_wconf 74' lang='grc' dir='ltr'>ἀπίξιος,</span> <span class='ocrx_word' id='word_1_251' title='bbox 903 3001 1077 3064; x_wconf 81' lang='grc' dir='ltr'>αύτὸν</span> <span class='ocrx_word' id='word_1_252' title='bbox 1117 3002 1181 3062; x_wconf 89' lang='grc' dir='ltr'>δέ</span> <span class='ocrx_word' id='word_1_253' title='bbox 1220 3027 1291 3062; x_wconf 88' lang='grc' dir='ltr'>σε</span> <span class='ocrx_word' id='word_1_254' title='bbox 1330 3001 1612 3079; x_wconf 83' lang='grc' dir='ltr'>ἐκπέμψαι</span> <span class='ocrx_word' id='word_1_255' title='bbox 1654 3004 1716 3059; x_wconf 88' lang='grc' dir='ltr'>ἐκ</span> <span class='ocrx_word' id='word_1_256' title='bbox 1748 3002 1853 3076; x_wconf 81' lang='grc' dir='ltr'>τῆς</span> 
     </span>
     <span class='ocr_line' id='line_1_35' title="bbox 236 3087 1944 3172; baseline -0.004 -19"><span class='ocrx_word' id='word_1_257' title='bbox 236 3091 425 3169; x_wconf 78' lang='grc' dir='ltr'>νήσου</span> <span class='ocrx_word' id='word_1_258' title='bbox 472 3093 691 3172; x_wconf 84' lang='grc' dir='ltr'>ἐτοῖμός</span> <span class='ocrx_word' id='word_1_259' title='bbox 734 3089 896 3169; x_wconf 82' lang='grc' dir='ltr'>εἷμι.”</span> <span class='ocrx_word' id='word_1_260' title='bbox 968 3094 1159 3150; x_wconf 83' lang='grc' dir='ltr'>Ταῦτα</span> <span class='ocrx_word' id='word_1_261' title='bbox 1202 3089 1358 3160; x_wconf 77' lang='grc' dir='ltr'>ἔλεξε</span> <span class='ocrx_word' id='word_1_262' title='bbox 1410 3088 1443 3148; x_wconf 81' lang='grc' dir='ltr'>ὁ</span> <span class='ocrx_word' id='word_1_263' title='bbox 1497 3087 1809 3165; x_wconf 86' lang='grc' dir='ltr'>Χαρίλεως·</span> <span class='ocrx_word' id='word_1_264' title='bbox 1831 3089 1944 3149; x_wconf 85' lang='grc'>146</span> 
     </span>
     <span class='ocr_line' id='line_1_36' title="bbox 236 3174 1850 3260; baseline -0.004 -19"><span class='ocrx_word' id='word_1_265' title='bbox 236 3179 589 3260; x_wconf 83' lang='grc' dir='ltr'>Μαιάνδριος</span> <span class='ocrx_word' id='word_1_266' title='bbox 612 3181 674 3241; x_wconf 73' lang='grc' dir='ltr'>δὲ</span> <span class='ocrx_word' id='word_1_267' title='bbox 696 3179 957 3254; x_wconf 81' lang='grc' dir='ltr'>ύπέλαβε</span> <span class='ocrx_word' id='word_1_268' title='bbox 980 3176 1081 3238; x_wconf 78' lang='grc' dir='ltr'>τᾶν</span> <span class='ocrx_word' id='word_1_269' title='bbox 1101 3175 1295 3258; x_wconf 85' lang='grc' dir='ltr'>λόγον,</span> <span class='ocrx_word' id='word_1_270' title='bbox 1312 3174 1385 3240; x_wconf 77' lang='grc' dir='ltr'>ὥς</span> <span class='ocrx_word' id='word_1_271' title='bbox 1408 3176 1513 3252; x_wconf 79' lang='grc' dir='ltr'>μὲν</span> <span class='ocrx_word' id='word_1_272' title='bbox 1533 3174 1642 3257; x_wconf 72' lang='grc' dir='ltr'>ἐγώ</span> <span class='ocrx_word' id='word_1_273' title='bbox 1661 3174 1850 3246; x_wconf 87' lang='grc' dir='ltr'>δοκέω,</span> 
     </span>
     <span class='ocr_line' id='line_1_37' title="bbox 233 3261 1849 3345; baseline -0.004 -15"><span class='ocrx_word' id='word_1_274' title='bbox 233 3266 347 3330; x_wconf 66' lang='grc' dir='ltr'>οὐκ</span> <span class='ocrx_word' id='word_1_275' title='bbox 384 3272 443 3334; x_wconf 81' lang='grc' dir='ltr'>ἐς</span> <span class='ocrx_word' id='word_1_276' title='bbox 478 3271 648 3330; x_wconf 75' lang='grc' dir='ltr'>τοῦτο</span> <span class='ocrx_word' id='word_1_277' title='bbox 690 3264 1017 3345; x_wconf 74' lang='grc' dir='ltr'>ἀφροσύνης</span> <span class='ocrx_word' id='word_1_278' title='bbox 1055 3263 1391 3343; x_wconf 84' lang='grc' dir='ltr'>α’πικόμενος</span> <span class='ocrx_word' id='word_1_279' title='bbox 1431 3262 1504 3327; x_wconf 74' lang='grc' dir='ltr'>ὥς</span> <span class='ocrx_word' id='word_1_280' title='bbox 1545 3262 1704 3335; x_wconf 73' lang='grc' dir='ltr'>δόξαι</span> <span class='ocrx_word' id='word_1_281' title='bbox 1743 3261 1849 3341; x_wconf 82' lang='grc' dir='ltr'>τήν</span> 
     </span>
    </p>
   </div>
   <div class='ocr_carea' id='block_1_2' title="bbox 2159 2463 2182 3195">
    <p class='ocr_par' dir='ltr' id='par_1_3' title="bbox 2159 2463 2182 3195">
     <span class='ocr_line' id='line_1_38' title="bbox 2159 2463 2182 3195; baseline 0 0"><span class='ocrx_word' id='word_1_282' title='bbox 2159 2463 2182 3195; x_wconf 95' lang='lat' dir='ltr'> </span> 
     </span>
    </p>
   </div>
  </div>
 </body>
</html>
