2184 3517
357 123 422 177 78
976 126 1346 177 ·11P0A0'1·o·1·
1440 110 1444 114 ’
1885 120 1949 185 [1.

266 203 380 264 157
475 201 547 262 ‘0
580 205 687 281 μὲν
710 204 782 281 δή
802 210 989 271 ,ταῦτα
1014 211 1075 266 ἐκ
1098 209 1201 282 τῆς
1223 204 1357 265 ὁδοῦ
1392 200 1792 279 ἐντειλάμενος,
1818 198 1956 277 οἷπή-

355 293 529 370 λαυνε
558 295 614 354 ἐς
646 291 790 368 ἤθεα
812 292 1199 372 τοὶ.Περσέων.
1265 289 1531 367 Πακτύης
1556 290 1617 349 δὲ
1645 287 1957 365 πυθόμενος

359 376 541 459 α’,γχοῦ
580 377 718 440 εἶναι
750 380 995 458 στρατὸν
1021 379 1106 439 ἐπ’
1132 379 1332 440 ἐωυτόν
1359 377 1529 449 ἰόντα,
1555 378 1746 440 δείσας
1785 374 1958 454 ᾤχετο

359 464 580 547 φεύγων
620 472 676 529 ἐς
716 465 940 545 Κύμην.
1006 466 1281 546 Μαζάρης
1323 467 1384 527 δὲ
1428 465 1462 527 ὅ
1503 465 1703 542 Μῆδος
1748 462 1960 527 ἐλάσας

359 554 453 613 ἐπὶ
483 552 584 616 τὰς
601 552 824 632 ’Σάρδις
851 559 953 615 τοῦ
991 555 1184 633 Κύρου
1222 558 1468 632 στρατοῦ
1494 556 1699 631 μοῖραν
1722 550 1960 630 ὁσηνδή-

363 666 491 701 κοτε
531 643 685 720 ἔχων,
724 640 795 704 ὥς
827 641 926 702 οὐκ
968 641 1095 720 εὗρε
1128 642 1209 702 ἔτι
1241 641 1431 704 ἐόντας
1462 639 1593 703 τοῦς
1626 639 1780 717 ἀμφὶ
1805 645 1961 698 Πακ-

358 726 496 803 τύην
528 733 586 789 ἐν
618 727 883 808 Σάρδισι,
904 734 1102 808 πρῶτα
1135 731 1241 806 μὲν
1269 728 1400 791 τοῦς
1429 726 1644 791 Λυδοὺς
1672 725 1962 807 ἠνάγκασε

358 814 461 877 τοῖς
495 814 687 895 Κύρου
723 816 953 882 ἐντολὰς
973 816 1295 877 ἐπιτελέειν·
1337 821 1398 876 ἐκ
1421 814 1621 876 τούτου
1648 815 1707 873 δὲ
1733 818 1962 875 κελευσ-

361 901 611 980 μοσύνης
648 905 825 965 Λυδοὶ
861 904 965 981 τὴν
996 909 1193 968 πᾶσαν
1234 905 1448 965 δίαιταν
1491 906 1593 979 τῆς
1634 901 1762 979 ζόης
1805 902 1963 980 μετέ·-

360 992 570 1067 βαλον.
654 992 927 1071 Μαζάρης
977 993 1040 1052 δὲ
1088 992 1233 1069 μετὰ
1279 996 1448 1053 τοῦτο
1492 992 1705 1068 ἔπεμπε
1757 994 1813 1053 ἐς
1861 989 1963 1065 τὴν

363 1078 567 1158 Κύμην
598 1078 890 1162 οἷγγέλους,
920 1079 1192 1141 ἐκδιδόναι
1226 1078 1464 1140 κελεύων
1495 1076 1783 1153 Πακτύην·
1824 1081 1880 1137 οἱ
1905 1079 1964 1137 δὲ

363 1168 683 1245 Κυμαῖοι”
655 1194 920 1249 εγνωσαν,
958 1168 1301 1244 ’συμβουλῆς
1335 1167 1467 1244 πέρι
1500 1172 1555 1230 ἐς
1580 1164 1787 1226 θεὸν
1751 1169 1964 1245 ανῶσαι

361 1254 461 1316 τὸν
497 1261 556 1316 ἐν
596 1257 973 1337 Βραγχίδῃσι·
1013 1255 1085 1332 ἦν
1109 1256 1221 1337 γὰρ
1255 1254 1451 1317 αὐτόθι
1479 1253 1748 1332 μαντήϊον
1774 1259 1835 1313 ἐκ
1860 1280 1964 1313 πα-

362 1346 530 1402 λαιοῦ
554 1343 876 1426 ἱδρυμένον,
917 1347 996 1423 τῷ
1028 1342 1216 1407 Ἴωνές
1253 1369 1316 1403 τε
1360 1341 1563 1405 πάντες
1602 1341 1694 1401 καὶ
1735 1340 1990 1406 Αἰολέες·

365 1428 610 1489 ἐώθεσαν
633 1430 921 1509 χρέεσθαι·
962 1430 996 1490 ὁ
1023 1431 1082 1490 δὲ
1108 1435 1290 1511 χῶρος
1316 1428 1479 1493 οὗτος
1505 1429 1628 1490 ἐστὶ
1651 1431 1753 1504 τῆς
1777 1433 1964 1505 Μιλη-

275 1520 388 1577 158
406 1517 534 1594 σίης
579 1516 718 1595 ὗπέρ
765 1518 1071 1599 Πανόρμου
1114 1519 1357 1596 λιμένος.
1420 1519 1755 1597 Πέμψαντες
1801 1516 1878 1577 ὦν
1912 1519 1967 1577 οἱ

367 1608 615 1683 Κυμαῖοι
657 1610 713 1669 ἐς
757 1608 887 1671 τούς
937 1607 1259 1689 Βραγχίδας
1311 1605 1671 1685 θεοπρόπους,
1716 1603 1967 1682 εἰρώτευν

365 1694 494 1772 περὶ
535 1692 802 1771 Πακτύην
841 1694 1028 1755 ὁκοῖόν
1065 1721 1124 1755 τι
1163 1694 1443 1758 ποιέοντες
1479 1694 1663 1754 θεοῖσι
1700 1693 1967 1770 μέλλοιεν

365 1783 719 1861 χαριεῖσθαι·
706 1827 721 1851 ,
777 1785 1118 1860 ἐπειρωτῶσι
1157 1782 1220 1841 δέ
1256 1787 1371 1858 σφι
1408 1787 1585 1842 ταῦτα
1623 1780 1967 1860 χρηστήριον

371 1870 588 1951 ἐγένετο
630 1879 666 1905 “
684 1869 955 1930 ἐκδιδόναι
1007 1869 1274 1946 Πακτύην
1321 1867 1637 1949 Πέρσῃσι”
1694 1872 1873 1928 ταῦτα
1907 1868 1967 1928 δέ

367 1984 440 2021 ως
470 1950 934 2034 οἷπενειχθέντα”’
894 1982 1147 2033 ηκουσαν
1175 1960 1230 2017 οἱ
1267 1961 1530 2034 Κυμαῖοι,
1558 1955 1801 2034 ορμέατο
1829 1956 1965 2016 ἐκδι-

366 2044 540 2106 δόναι·
583 2043 935 2121 ορμεωμένου
976 2045 1037 2105 δὲ
1074 2043 1250 2125 ταύτῃ
1281 2048 1383 2105 τοῦ
1418 2042 1682 2119 πλήθεος,
1708 2042 1966 2121 Ἀριστό-

368 2132 517 2196 δικος
550 2130 582 2191 ὁ
614 2130 1004 2209 Ἡρακλείδεω,
1042 2132 1183 2210 οἷνήρ
1219 2136 1332 2193 τῶν
1370 2130 1560 2192 ἀστῶν
1599 2130 1699 2191 ἐῶν
1725 2129 1964 2209 δόκιμος,

366 2219 504 2300 ἔσχε
539 2218 622 2299 μή
659 2225 899 2297 ποιῆσαι
929 2224 1107 2282 ταῦτα
1147 2221 1450 2299 Κυμαίους,
1486 2217 1765 2279 ἀπιστέων
1789 2245 1852 2279 τε
1888 2224 1964 2299 τῷ

363 2313 603 2388 χρησμῷ
644 2308 737 2368 καὶ
769 2309 970 2370 δοκέων
994 2308 1126 2382 τοῦς
1161 2307 1506 2385 θεοπρόπους
1530 2306 1595 2368 οὗ
1619 2307 1806 2388 λέγειν
1831 2306 1965 2383 ἅλη-

368 2397 518 2468 θέως,
546 2402 602 2461 ἐς
637 2395 670 2457 ὃ
705 2396 773 2458 τό
807 2397 1060 2476 δεύτερον
1083 2397 1214 2476 περὶ
1244 2394 1515 2458 Πακτύεω
1544 2394 1965 2472 ἐπειρησόμενοι

364 2482 543 2563 ᾔεσαν
580 2484 752 2544 ἄλλοι
795 2482 1119 2562 θεοπρόποι,
1157 2488 1270 2544 τῶν
1313 2483 1406 2544 καὶ
1449 2481 1831 2562 Ἀριστόδικος
1876 2481 1964 2559 ἦν.

277 2572 388 2631 159
405 2569 784 2648 Ἀπικομένων
823 2571 884 2631 δὲ
924 2577 980 2635 ἐς
1019 2571 1355 2654 Βραγχίδας,
1397 2569 1865 2650 ἐχρηστηριάζετο
1907 2575 1967 2631 ἐκ

365 2656 586 2719 πάντων
620 2657 1005 2736 Ἀριστόδικος
1037 2659 1367 2738 ἐπειρωτέων
1392 2659 1544 2720 τάδε·
1586 2667 1622 2694 “
1639 2657 1798 2728 ὦναξ,
1825 2655 1968 2733 ἦλθε

370 2744 500 2823 παρ’
518 2744 696 2824 ἡμέας
716 2747 896 2824 ἱκέτης
922 2747 1187 2824 Πακτύης
1211 2746 1245 2807 ὁ
1271 2746 1468 2818 Λυδὰς,
1487 2745 1706 2827 φεύγων
1733 2744 1970 2807 θάνατον

366 2834 558 2910 βίαιον
576 2832 717 2912 πρός
742 2835 1028 2914 Περσέων·
1059 2839 1114 2896 οἱ
1139 2836 1202 2896 δέ
1223 2860 1322 2914 μιν
1342 2834 1694 2905 ἐξαιτέονται,
1715 2836 1971 2911 προεῖναι

368 2922 654 2997 Κυμαίους
680 2923 1011 2987 κελεύοντες·
1051 2922 1214 3000 ἡμεῖς
1240 2923 1299 2983 δὲ
1319 2920 1688 2998 δειμαίνοντες
1701 2920 1807 2997 τήν
1823 2927 1969 3000 Περ-

366 3009 512 3069 σέων
548 3009 793 3087 δύναμιν,
827 3009 927 3071 τὸν
965 3011 1148 3087 ἱκέτην
1187 3016 1242 3075 ἐς
1279 3009 1407 3071 τόδε
1448 3007 1513 3069 ού
1547 3008 1971 3087 τετολμήκαμεν

368 3096 654 3168 ἐκδιδόναι,
681 3099 813 3175 πρὶν
834 3097 902 3158 ἂν
926 3098 993 3159 τὰ
1021 3097 1134 3158 οἷπὸ
1163 3100 1267 3158 σεῦ
1292 3096 1429 3173 ἡμῖν
1449 3096 1675 3176 δηλωθῇ
1703 3096 1973 3175 ἀτρεκέως

367 3179 601 3259 ὁκότερα
639 3184 960 3261 ποιέωμεν.”
1045 3184 1079 3244 ὁ
1131 3187 1252 3263 μὲν
1273 3188 1452 3244 ταῦτα
1500 3184 1787 3262 ἐπειρώτα·
1847 3184 1881 3244 ὁ
1925 3182 1973 3244 δ’

367 3264 524 3330 αὖτις
557 3266 660 3328 τόν
693 3268 861 3329 αὐτόν
884 3275 1001 3346 σφι
1035 3268 1302 3348 χρησμὸν
1330 3270 1538 3346 ἔφαινε,
1567 3268 1805 3331 κελεύων
1831 3272 1973 3333 ἐκδι·
