2184 3517
234 123 490 190 99—104]
916 124 1186 175 eAAEIA.
1737 123 1837 173 251

231 208 459 284 χρῶμα·
504 205 765 282 τοιαύτην
805 203 869 265 δὲ
909 205 1002 264 καὶ
1044 205 1312 268 Αἰθίοπες
1353 204 1608 265 ἀπίενται
1646 202 1840 282 θορήν.

235 315 395 350 ουτοι
411 292 515 368 μὲν
532 317 643 351 των
661 290 896 351 Ἰνδῶν”
870 292 1150 368 εκαστέρω
1169 317 1281 351 των
1296 292 1566 369 Περσέων
1580 292 1841 364 οἰκέουσι,

236 377 336 436 καὶ
358 377 498 456 πρὸς
524 376 687 438 νότου
714 377 939 456 οἷνέμου·
983 380 1076 438 καὶ
1103 380 1344 458 Δαρείου
1368 379 1650 457 βασιλέος
1679 378 1840 439 οὖδα-

233 464 322 542 μοῖ
348 465 692 541 ὑπήκουσαν.

309 552 523 613 Ἀλλοι
547 554 608 613 δὲ
629 557 740 614 τῶν
753 552 941 615 Ἰνδῶν
967 553 1332 634 Κασπατύρῳ
1356 581 1420 616 τε
1445 553 1586 615 πόλι
1613 555 1704 615 καὶ
1728 559 1801 635 τῇ
1819 555 1936 615 102

235 646 534 721 Πακτυῖκῇ
556 640 712 722 χώρῃ
739 642 853 702 εἰσὶ
888 641 1215 721 πρόσουροι,
1242 642 1382 721 πρὸς
1420 643 1626 722 ἄρκτου
1659 669 1722 704 τε
1749 643 1841 703 καὶ

232 729 427 807 βορέω
476 729 684 807 ἀνέμου
724 730 1113 807 κατοικημένοι
1149 733 1261 792 τῶν
1299 730 1492 792 ἄλλων
1518 731 1732 803 Ἰνδῶν,
1787 730 1844 792 οἳ

235 818 569 895 Βακτρίοισι
592 818 999 897 παραπλησίην
1025 819 1223 899 ἔχουσι
1253 819 1486 879 δίαιταν.
1569 817 1722 880 οὗτοι
1749 820 1843 879 καὶ

232 905 631 984 μαχιμώατοί
680 910 792 967 εἰσι
840 905 1044 980 Ἰνδῶν,
1096 906 1190 965 καὶ
1237 909 1291 967 οἶ
1343 910 1435 967 ἐπὶ
1486 908 1587 968 τὸν
1626 907 1843 987 χρυσὸν

235 994 614 1071 στελλόμενοι
660 995 780 1063 ,εἰσὶ
846 992 1020 1054 οὗτοι.
1105 994 1246 1054 κατοὶ
1311 994 1423 1076 γάρ
1490 996 1659 1056 τοῦτό
1716 1002 1842 1056 ε’στι

236 1082 441 1192 ε’μημιή
465 1081 558 1141 δια
582 1082 688 1159 τήν
718 1080 971 1162 ψάμμον·
1014 1086 1073 1143 ἓν
1109 1081 1258 1159 δή
1217 1109 1292 1144 ων
1319 1086 1392 1161 τῇ
1434 1084 1634 1162 ε’μημίη
1664 1082 1839 1162 ταύτῃ

236 1170 336 1228 καὶ
364 1173 438 1249 τῇ
470 1169 684 1250 ψάμμῳ
720 1172 972 1253 γίνονται
1009 1169 1295 1249 μύρμηκες
1331 1170 1651 1252 μεγάθεα”
1621 1197 1840 1250 εχοντες

235 1262 416 1318 κυνῶν
436 1261 561 1370 μὲν
568 1258 861 1320 ἐλάσσονα
886 1257 1217 1318 άλωπέκεων
1242 1259 1302 1318 δὲ
1327 1259 1551 1335 μέζονα·
1594 1260 1706 1318 εἰσὶ
1729 1285 1842 1340 γαρ

235 1345 423 1407 αὐτῶν
471 1347 565 1406 καὶ
607 1373 762 1426 παρα
807 1347 1054 1423 βασιλέϊ
1098 1372 1210 1406 των
1262 1347 1546 1424 Περσέων,
1596 1348 1844 1409 ἐνθεῦτεν

236 1434 611 1546 θηρευθέντες.
694 1460 849 1496 ουτοι
915 1433 991 1495 ὧν
1054 1460 1110 1495 οι
1173 1434 1458 1512 μύρμηκες
1522 1434 1842 1514 ποιεύμενοι

236 1522 462 1598 οἴκησιν
485 1522 595 1584 ύπὸ
620 1527 747 1604 γῆν,
773 1521 1155 1600 ἀναφορέουσι
1178 1523 1287 1599 τήν
1318 1522 1568 1609 ψάμμον,
1597 1524 1843 1602 κατάπερ

237 1612 298 1669 οἱ
324 1615 383 1670 ἐν
407 1614 561 1671 τοῖσι
576 1610 834 1687 Ἐλλησι
858 1609 1159 1688 μύρμηκες,
1182 1612 1274 1669 καὶ
1296 1611 1396 1671 τᾶν
1422 1610 1592 1672 αύτον
1603 1610 1843 1690 «τρόπον’

236 1698 355 1758 εἶσὶ
381 1698 441 1758 δὲ
467 1700 558 1758 καὶ
592 1698 659 1760 τό
699 1699 844 1763 εἶδος
875 1697 1202 1776 ὄμοιότατοι
1233 1696 1406 1759 οὗτοι·
1446 1699 1485 1775 ἦ
1522 1700 1583 1758 δὲ
1613 1698 1846 1777 ψάμμος

233 1785 279 1862 ἦ
306 1785 697 1866 ἀναφερομένη
738 1788 863 1847 ἐστὶ
901 1790 1179 1866 χρυσῖτις.
1262 1788 1353 1847 ἐπὶ
1393 1786 1462 1863 δή
1502 1787 1711 1864 ταύτην
1739 1787 1847 1864 τήν

235 1873 474 1953 ψάμμον
505 1877 846 1937 στέλλονται
886 1880 943 1939 ἐς
974 1873 1080 1951 τὴν
1112 1879 1320 1953 ε’ρῆμον
1350 1878 1405 1935 οἱ
1439 1876 1621 1946 Ἰνδοὶ,
1660 1876 1847 1947 ζευξά-

234 1988 408 2040 μενος
466 1964 701 2028 ἔκαστος
766 1962 1054 2041 καμήλους
1112 1967 1278 2040 τρεῖς,
1342 1962 1686 2042 σειρηφόρον
1742 1966 1848 2041 μὲν

236 2052 575 2130 ἑκατέρωθεν
610 2053 811 2130 ἔρσενα
846 2052 1163 2129 παρέλκειν,
1206 2051 1418 2127 θήλεαν
1457 2053 1518 2111 δὲ
1553 2057 1609 2114 ἐς
1646 2052 1847 2129 μέσον·

237 2140 337 2199 ε’πὶ
377 2139 583 2216 ταύτην
623 2140 717 2217 δή·
736 2138 903 2203 αύτὸς
947 2137 1258 2216 ἀναβαίνει,
1305 2139 1668 2215 ἐπιτηδεύσας
1708 2140 1848 2205 ὅκως

236 2225 358 2288 dvx-<3
383 2229 587 2288 τέκνων
620 2227 693 2291 ὦς
728 2226 1010 2288 νεωτάτων
1045 2226 1393 2289 ἀποσπάσας
1432 2226 1613 2305 ζεύξῃ·
1654 2230 1712 2287 αἶ
1736 2229 1848 2310 γάρ

235 2323 358 2393 σφι
384 2316 629 2393 κάμηλοι
670 2316 853 2376 ἵππων
888 2314 991 2375 οὔκ
1024 2315 1272 2393 ἥσσονες
1307 2320 1362 2378 ἐς
1394 2314 1681 2392 ταχύτητά
1716 2322 1845 2376 εἶσι·

234 2404 412 2484 χωρὶς
446 2405 521 2479 δὲ,
560 2404 739 2485 ἄχθεα
774 2403 1140 2482 δυνατώτεραι
1169 2402 1395 2465 πολλᾶν
1435 2405 1647 2480 φέρειν.
1727 2404 1807 2465 T&
1828 2409 1943 2468 103

235 2496 348 2570 μὲν
387 2492 457 2569 δη
499 2493 643 2557 εἶδος
683 2493 874 2554 ὁκοῖόν
909 2502 966 2553 τι
1007 2495 1122 2573 ἔχει
1159 2493 1198 2570 ἦ
1240 2492 1508 2569 κάμηλος,
1551 2495 1848 2570 ἐπισταμέ-

237 2606 394 2643 νοισι
430 2584 586 2642 τοῖσι
617 2581 875 2692 Ἕλλησι
912 2580 977 2642 ού
1019 2581 1462 2663 συγγράφω·τὸ
1509 2581 1571 2641 δὲ
1609 2579 1690 2658 μὴ
1733 2586 1846 2641 ἐπι-

239 2671 489 2732 στέαται
528 2669 714 2746 αὐτῆς,
766 2673 935 2731 τοῦτο
989 2669 1214 2747 φράσω·
1284 2668 1537 2747 κάμηλος
1589 2674 1648 2730 ἐν
1694 2674 1849 2731 τοῖσι

239 2757 563 2819 οπισθίοισι
588 2758 891 2818 σκέλεσι”
862 2783 978 2837 εχει
1012 2758 1292 2836 τέσσερας
1324 2784 1552 2837 μηρους,
1590 2759 1683 2818 καὶ
1717 2758 1846 2840 γού-

239 2871 384 2907 νατα
420 2847 689 2925 τέσσερα·
729 2846 803 2908 τοὶ
838 2846 899 2906 δὲ
930 2847 1114 2906 αἰδοῖα
1146 2846 1237 2905 διοὶ
1269 2851 1380 2907 τῶν
1405 2845 1679 2908 ὀπισθίων
1719 2874 1846 2907 σκε-

240 2934 389 2995 λέων
413 2934 556 3012 πρὸς
578 2934 684 3010 τὴν
710 2933 881 3012 ούρήν
905 2933 1276 3012 τετραμμένα.
1361 2938 1434 2994 Οἱ
1465 2935 1526 2994 δὲ
1551 2934 1619 3011 δή
1644 2933 1810 2996 Ἰνδοὶ
1828 2938 1943 2996 104

239 3021 434 3103 τρόπῳ
464 3023 697 3102 τοιούτῳ
730 3024 821 3082 καὶ
855 3021 1030 3094 ζεύξει
1068 3021 1299 3101 τοιαύτῃ
1338 3022 1658 3101 χρεάμενοι,
1688 3008 1848 3082 ἐλαύ-

238 3137 407 3187 νουσι
443 3111 534 3170 ἐπὶ
574 3110 675 3172 τόν
707 3110 940 3191 χρυσὸν,
978 3111 1397 3190 λελογισμένως
1436 3110 1574 3173 ὅκως
1610 3108 1679 3170 ἂν
1718 3137 1846 3169 καυ·

238 3198 436 3277 μάτων
453 3204 566 3261 τῶν
585 3198 938 3278 θερμοτάτων
962 3198 1162 3258 ἐόντων
1180 3198 1403 3258 ἔσονται
1423 3203 1481 3257 ἐν
1499 3201 1573 3276 τῇ
1599 3197 1846 3279 ἁρπαγῇ·

236 3286 359 3348 13πό
382 3286 496 3369 γάρ
519 3290 622 3348 τοῦ
643 3285 922 3364 καύματος
947 3288 1001 3344 οἱ
1024 3284 1310 3364 μύρμηκες
1335 3284 1576 3361 ἀφανέες
1599 3286 1850 3363 γίνονται
