2184 3517
285 113 385 163 132
884 108 1256 159 ἨΡΟΔΟΤΟΤ

283 190 503 273 γυναικὶ
534 187 740 269 τράγος
769 187 1036 267 ἐμίσγετο
1073 184 1416 261 ἀναφανδόν.
1480 188 1649 248 τοῦτο
1687 189 1745 252 ἐς
1779 186 1902 248 ἐπί-

287 278 455 347 δειξιν
481 275 782 354 ἀνθρώπων
810 275 1058 335 ἀπίκετο.

187 367 265 431 47
351 363 465 425 ’Υν
512 364 571 423 δὲ
619 362 916 474 Αἰγύπτιοι
956 361 1159 439 μιαρόν
1211 361 1448 443 ἥγηνται
1491 362 1686 440 θηρίον
1733 362 1899 424 εἶναι·

286 454 385 513 καὶ
435 456 602 512 τοῦτο
647 452 751 527 μὲν
796 450 867 525 ἥν
911 475 996 513 τις
1049 449 1245 528 ψαύσῃ
1291 448 1475 511 αὐτῶν
1519 450 1733 528 παριῶν
1776 450 1898 524 ὖός,

282 539 508 600 αὐτοῖσι
535 539 809 616 ἱματίοισι
834 536 929 596 ἀπ’
960 536 1035 596 ων
1067 538 1310 614 ἔβαψεε
1285 563 1502 608 εωυτον,
1534 537 1701 615 βᾶς’
1675 539 1766 599 επὶ
1789 538 1901 600 τόν

281 627 556 704 ποταμόν·
622 628 790 685 τοῦτο
837 625 897 685 δὲ
949 627 1004 684 οἳ
1055 626 1331 702 συβῶται,
1373 624 1555 690 ἐόντες
1594 625 1900 707 Αἰγύπτιοι

282 715 542 797 ἐγγενέες,
576 717 631 777 ἐς
669 712 788 789 ἶρόν
829 712 986 772 οὐδὲν
1020 716 1134 772 τῶν
1169 717 1229 772 ἐν
1260 712 1525 794 Αἰγύπτῳ
1561 714 1898 793 ἐσέρχονται

279 807 476 881 μοῦνοι
506 800 741 861 πάντων·
783 799 913 861 οὐδέ
937 807 1048 877 σφι
1066 800 1387 860 ἐκδίδοσθαι
1408 802 1685 881 θυγατέρα
1712 802 1899 868 οὐδεὶς

280 892 464 952 ἐθέλει
491 888 602 949 οὐδ’
629 886 870 970 ἄγεσθαι
906 888 968 958 ἐξ
996 887 1194 948 αὐτῶν·
1235 887 1370 947 ἀλλ’
1404 888 1720 950 ἐκδιδόαταί
1739 916 1805 951 τε
1829 896 1899 953 οἱ

279 980 538 1056 συβῶται
577 977 669 1037 καὶ
708 976 940 1057 ἆγέαται
981 976 1043 1046 ἐξ
1095 974 1384 1053 ἀλλήλων.
1451 980 1607 1037 τοῖσι
1644 979 1749 1054 μέν
1785 1005 1897 1042 νυν

278 1064 515 1127 ἄλλοισι
569 1066 752 1127 θεοῖσι
806 1064 955 1125 θύειν
1005 1060 1072 1127 ὗς
1124 1063 1189 1123 οὗ
1243 1064 1516 1125 δικαιεῦσι
1568 1065 1892 1147 Αἰγύπτιοι,

278 1155 499 1236 Σελήνῃ
526 1155 585 1214 δὲ
612 1154 705 1214 καὶ
733 1151 990 1232 Διονύσῳ
1016 1151 1294 1229 μούνοισι,
1322 1156 1425 1213 τοῦ
1456 1151 1631 1213 αὐτοῦ
1654 1154 1892 1233 χρόνου,

273 1247 348 1323 τῇ
372 1244 514 1323 αὐτῇ
539 1239 892 1320 πανσελήνῳ,
913 1240 1043 1303 τούς
1067 1238 1132 1303 ὗς
1152 1239 1422 1304 θύσαντες
1446 1242 1745 1303 πατέονται
1768 1248 1895 1306 τῶν

274 1336 465 1407 κρεῶν.
548 1330 690 1390 διότι
718 1328 777 1387 δὲ
801 1354 931 1391 τους
955 1325 1019 1391 ὗς
1047 1332 1107 1387 ἐν
1132 1329 1237 1405 μὲν
1261 1331 1399 1406 τῇσι
1429 1328 1707 1408 αλλῃσι
1674 1334 1892 1409 ορτῇσι

193 1463 202 1474 .
272 1417 703 1527 ἀπεστυγήκασι
744 1419 804 1476 ἐν
843 1416 901 1474 δὲ
940 1415 1116 1495 ταύτῃ
1158 1414 1432 1485 θύουσα*
1402 1442 1526 1476 εστι
1560 1420 1667 1494 μὲν
1703 1418 1892 1500 λόγος

270 1506 400 1583 περὶ
440 1504 610 1565 αὐτοῦ
650 1529 730 1563 υπ
784 1504 1103 1583 Αἰγυπτίων
1139 1503 1463 1584 λεγόμενος·
1523 1505 1648 1582 ἐμοὶ
1685 1507 1891 1583 μέντοι

195 1601 200 1612 “
272 1594 623 1672 ἐπισταμένῳ
691 1590 792 1651 ούκ
873 1591 1312 1669 εύπρεπέστερός
1392 1596 1518 1653 ἐστι
1581 1595 1887 1676 λέγεσθαι.

195 1667 202 1686 ¹
275 1683 446 1759 θυσίη
487 1682 546 1741 δὲ
584 1680 683 1757 ἥδε
719 1683 828 1741 τῶν
859 1678 970 1741 ύῶν
1002 1683 1076 1759 τῇ
1111 1680 1330 1760 Σελήνῃ
1360 1682 1626 1741 ποιέεται·
1707 1684 1890 1746 ἐπεὰν

273 1770 438 1848 θύσῃ,
465 1769 569 1846 τήν
595 1768 765 1845 οὐρὴν
796 1767 969 1845 ἄκρην
996 1767 1089 1827 καὶ
1117 1768 1218 1829 τᾶν
1249 1772 1482 1845 σπλῆνα
1517 1770 1610 1829 καὶ
1632 1769 1732 1831 τόν
1755 1776 1885 1833 ἐπί-

269 1863 449 1917 πλοον
501 1857 721 1919 συνθεὶς
773 1854 932 1932 ὁμοῦ,
986 1855 1105 1916 κατ’
1152 1854 1227 1916 ὧν
1271 1856 1518 1935 ἐκάλυψε
1563 1858 1722 1938 πάσῃ
1767 1865 1886 1921 τοῦ

268 1946 494 2021 κτήνεος
528 1948 600 2024 τῇ
635 1947 849 2023 πιμελῇ
882 1947 955 2023 τῇ
979 1945 1110 2021 περὶ
1141 1944 1244 2020 τήν
1270 1944 1437 2020 νηδῦν
1469 1948 1748 2026 γινομένῃ,
1775 1949 1886 2009 καὶ

268 2033 457 2094 ἔπειτα
500 2036 782 2115 καταγίζει
812 2032 964 2110 πυρί·
1004 2032 1077 2093 τὰ
1119 2032 1179 2092 δὲ
1219 2032 1374 2092 ἅλλα
1414 2034 1549 2111 κρέα
1588 2036 1883 2098 σιτέονται

269 2126 327 2180 ἐν
350 2126 424 2201 τῇ
450 2121 783 2201 πανσελήνῳ
820 2125 880 2181 ἐν
907 2124 981 2199 τῇ
1005 2118 1076 2180 ἂν
1106 2120 1179 2181 ταῖ
1217 2121 1309 2198 ἱροὶ
1346 2121 1582 2183 θύσωσι·
1624 2126 1683 2183 ἐν
1711 2123 1881 2205 ἄλλῃ

265 2209 325 2268 δὲ
350 2209 530 2290 ἡμέρῃ
558 2208 659 2270 οὐκ
687 2207 756 2269 ἂν
781 2210 862 2269 ἔτι
896 2208 1221 2290 γευσαίατο·
1264 2211 1318 2268 οἶ
1344 2209 1403 2269 δὲ
1433 2210 1663 2286 πένητες
1688 2209 1883 2275 αὖτῶν

264 2296 357 2357 ὑπ’
377 2297 666 2374 οἷσθενείης
681 2298 816 2374 βίου
842 2297 1129 2359 σταιτίνας
1148 2296 1471 2361 πλάσαντες
1489 2295 1552 2362 ὗς
1576 2299 1669 2358 καὶ
1693 2299 1882 2377 ὀπτή-

169 2389 245 2446 48
266 2412 466 2451 σαντες
499 2385 703 2449 ταύτας
739 2383 957 2445 θύουσι.
1039 2389 1130 2464 Τῷ
1161 2384 1221 2444 δὲ
1253 2384 1528 2467 Διονύσῳ,
1556 2389 1658 2462 τῆς
1695 2386 1878 2465 ὁρτῆς

261 2479 333 2554 τῇ
360 2476 577 2554 δορπίῃ,
604 2477 800 2554 χοῖρον
826 2472 938 2551 πρό
965 2477 1076 2534 τῶν
1113 2473 1319 2552 θυρέων
1345 2474 1573 2550 σφάξας
1609 2476 1878 2550 ἕκαστος,

263 2562 407 2630 διδοῖ
444 2561 835 2638 ἀποφέρεσθαι
873 2560 974 2621 τὸν
1014 2565 1211 2639 χοῖρον
1247 2559 1399 2641 αὐτῷ’
1425 2566 1503 2642 τῷ
1537 2562 1874 2647 ἀποδομένῳ

258 2653 370 2709 τῶν
408 2676 483 2709 συ
531 2649 727 2708 ωτέων.
806 2648 911 2724 τὴν
951 2648 1011 2708 δὲ
1049 2648 1236 2726 ἄλλην
1276 2649 1551 2731 α’νάγουσι
1581 2650 1750 2728 ὁρτήν
1781 2664 1875 2734 τῷ

262 2736 522 2817 Διονύσῳ
576 2739 630 2796 οἳ
682 2735 994 2817 Αἰγύπτιοι,
1036 2737 1191 2813 πλήν
1241 2743 1442 2818 χορῶν,
1497 2739 1638 2800 καταῖ
1681 2738 1873 2804 ταύτὰ

263 2824 471 2903 σχεδὸν
494 2823 677 2884 πάντα
700 2824 975 2901 Ἕλλησι·
1017 2823 1141 2885 α’ντὶ
1178 2825 1237 2884 δὲ
1274 2830 1532 2901 φαλλῶν,
1558 2828 1712 2887 ἄλλα
1743 2832 1878 2905 σφί

262 2916 386 2973 ἐστι
427 2912 759 2989 ἐξευρημένα
785 2911 925 2971 ὅσον
953 2937 1016 2972 τε
1041 2916 1291 2992 πηχυαῖα
1331 2913 1636 2995 α’γάλματα
1673 2920 1870 2992 νευρό-

261 2998 587 3059 σπαστατᾶ
609 3000 1009 3076 περιφορέουσι
1028 2999 1170 3060 κατὰ
1199 2999 1386 3077 κώμας
1408 3007 1677 3083 γυναῖκες,
1696 3008 1871 3066 νεῦον

265 3084 332 3143 τὰ
374 3086 584 3145 αἰδοῖον
625 3085 689 3144 ού
729 3090 930 3166 πολλῷ
967 3087 1072 3166 τέῳ
1115 3089 1367 3149 ἔλασσον
1407 3089 1501 3150 ἐόν
1536 3094 1639 3150 τοῦ
1672 3089 1870 3154 ἄλλου

261 3169 538 3246 σώματος·
578 3173 912 3253 προηγέεται
948 3174 1008 3233 δὲ
1048 3174 1238 3244 αὖλός,
1279 3179 1339 3235 αἲ
1375 3176 1436 3236 δὲ
1482 3179 1708 3240 ἕπονται
1745 3180 1872 3242 α’,εί-

260 3253 459 3313 δουσαι
510 3256 611 3316 τᾶν
653 3259 949 3318 Διόνυσον.
1031 3260 1173 3320 διότι
1213 3261 1273 3320 δὲ
1316 3265 1485 3338 μέζον
1521 3296 1584 3328 τε
1635 3268 1749 3346 ἔχει
1785 3270 1870 3332 ‘td
