2184 3517
357 122 451 171 148
964 121 1331 170 ΗΡοΔοΤοτ
1853 118 1961 185 [11.

353 203 524 278 μένας
547 200 777 279 ἡμέρας·
809 205 880 280 τῇ
907 200 967 260 δὲ
992 201 1331 280 τελευταίῃ’
1306 227 1360 270 ε
1340 200 1502 260 ἑἰεῖσι
1529 204 1589 258 ἐκ
1614 203 1717 277 τῆς
1743 202 1965 277 κοιλίης

353 289 458 366 τὴν
490 290 722 367 κεδρίην,
748 289 853 365 τήν
881 293 1090 365 ε’σῆκαν
1116 288 1408 365 πρότερον·
1450 288 1489 364 ἦ
1516 288 1637 347 δὲ’
1608 314 1722 367 εχει
1753 289 1964 348 τοσαύ-

355 403 457 453 την
505 377 749 454 δύναμιν,
800 378 945 438 ὥστε
1000 375 1117 453 ἅμα
1165 380 1338 455 ἑωυτῇ
1383 376 1488 453 τήν
1534 375 1701 452 νηδῦν
1747 377 1842 436 καὶ
1889 376 1965 436 τοὶ

357 465 667 547 σπλάγχνα
705 464 1113 541 κατατετηκότα
1154 463 1356 544 ἐξάγει·
1396 464 1498 528 τσῖς
1534 463 1596 523 δὲ
1636 464 1853 541 σάρκας
1891 464 1963 525 τό

355 557 550 631 λίτρον
593 553 906 628 κατατήκει·
965 553 1056 611 καὶ
1089 552 1169 628 δὴ
1212 552 1467 612 λείπεται
1507 555 1611 612 τοῦ
1652 555 1853 629 νεκροῦ
1891 552 1962 612 τό

354 642 528 719 δέρμα
567 644 776 718 μοῦνον
809 642 901 701 καὶ
938 641 1010 701 τοὶ
1051 640 1242 701 ὀστέα·
1286 640 1453 701 ἐπεὰν
1483 640 1544 700 δὲ
1585 644 1761 700 ταῦτα
1794 640 1963 716 ποιή-

356 755 521 800 σωσι,
568 728 664 788 ἀπ’
705 727 780 788 ὧν
827 729 1051 790 ἔδωκαν,
1084 727 1226 788 οὕτω
1277 727 1379 789 τᾶν
1424 727 1620 806 νεκρὰν
1667 726 1829 788 οὐδὲν
1877 729 1963 788 ἔτι

260 819 337 876 88
353 817 883 898 πρηγματευθέντες.
950 816 1025 875 Ἦ
1059 816 1120 875 δὲ
1143 816 1304 894 τρίτη
1328 817 1652 895 ταρίχευσίς
1687 821 1811 876 ἐστι
1838 815 1960 891 ἥδε,

351 904 392 979 ἣ
431 930 560 969 τους
600 904 859 984 χρήμασι
899 902 1338 980 ἀσθενεστέρους
1379 903 1654 976 σκευάζει·
1703 906 1960 983 συρμαίῃ

353 991 718 1069 διηθήσαντες
754 992 858 1069 τὴν
899 993 1132 1068 κοιλίην,
1173 992 1532 1071 ταριχεύουσι
1568 1017 1671 1055 τας
1711 992 1959 1069 ἐβδομή-

356 1106 524 1141 κοντα
557 1080 785 1159 ημέρας,
829 1081 923 1140 καὶ
966 1081 1156 1139 ἔπειτα
1191 1079 1286 1139 ἀπ’
1320 1106 1395 1140 ων
1432 1080 1636 1140 ἔδωκαν
1675 1079 1961 1158 ἀποφέρε-

259 1170 334 1227 89
354 1170 511 1230 σθαι.
566 1169 678 1233 Τας
704 1169 764 1228 δε
781 1171 1043 1251 γυναῖκας
1061 1171 1174 1228 τῶν
1193 1168 1506 1244 ἐπιφανέων
1532 1166 1811 1245 άνδρῶν,’
1783 1193 1960 1229 επεαν

353 1258 752 1334 τελευτήσωσι,
787 1256 852 1317 02⁹
877 1256 1192 1334 παραυτίκα
1224 1255 1442 1317 διδοῦσι
1472 1256 1798 1335 ταριχεύειν,
1827 1255 1960 1317 οὐδὲ

352 1344 487 1404 ὅσαι
519 1343 587 1406 ἂν
620 1344 725 1404 ὦσι
758 1344 984 1408 εὐειδέες
1018 1342 1195 1421 κάρτα
1236 1346 1329 1404 καὶ
1368 1343 1547 1425 λόγου
1585 1347 1826 1408 πλεῦνος
1854 1371 1957 1426 γυ-

353 1437 552 1496 ναῖκες·
594 1432 725 1492 ἀλλ’
760 1433 925 1492 ἐπεοὶν
958 1435 1201 1510 τριταῖαι
1235 1430 1274 1509 ἢ
1310 1436 1629 1510 τεταρταῖαι
1668 1432 1954 1513 γένωνται,

353 1519 493 1580 οὕτω
519 1520 889 1598 παραδιδοῦσι
914 1524 1067 1580 τοῖσι
1092 1519 1471 1598 ταριχεύουσι.
1525 1523 1695 1580 τοῦτο
1722 1520 1782 1579 δὲ
1799 1522 1956 1581 ποιέ-

355 1633 487 1667 ουσι
520 1606 663 1668 οὕτω
694 1607 856 1667 τοῦδε
895 1608 1113 1678 εἵνεκεν,
1149 1609 1239 1668 ἵνα
1268 1607 1350 1686 μή
1387 1616 1500 1685 σφι
1537 1611 1591 1668 οἱ
1628 1608 1956 1687 ταριχευταὶ

350 1695 663 1778 μίσγωνται
696 1699 834 1774 τῇσι
864 1696 1102 1777 γυναιξί·
1143 1698 1478 1774 λαμφθῆναι
1508 1695 1618 1777 γάρ
1648 1696 1774 1757 τινά
1800 1702 1955 1773 φασι

349 1784 695 1866 μισγόμενον
730 1788 901 1863 νεκρῷ
931 1783 1249 1863 προσφάτῳ
1278 1784 1554 1865 γυναικός·
1598 1788 1855 1844 κατεῖπαι
1889 1784 1955 1844 δὲ

258 1873 334 1931 90
351 1871 450 1932 τόν
496 1871 819 1951 ὁμότεχνον.
889 1871 999 1936 ’Ὃς
1045 1871 1091 1930 δ’
1135 1869 1204 1932 ἂν
1247 1870 1285 1948 ἢ
1332 1871 1511 1933 αὐτῶν
1556 1873 1875 1953 Αἰγυπτίων
1910 1872 1953 1949 ἢ

353 1960 540 2031 ξείνων
592 1959 794 2036 ὁμοίως
843 1959 955 2020 akr&
1012 1960 1371 2037 κροκοδείλου
1418 1960 1726 2040 ἅρπαχθεὶς
1770 1958 1808 2036 ἢ
1854 1960 1953 2021 ὑπ’

352 2044 523 2108 αυτοῦ
561 2052 661 2107 τοῦ
700 2052 958 2126 ποταμοῦ
1006 2049 1273 2125 φαίνηται
1316 2047 1571 2126 τεθνηως,
1613 2047 1733 2109 κατ’
1771 2075 1842 2125 ην
1880 2075 1952 2110 αν

350 2134 522 2197 πόλιν
563 2137 862 2216 ἐξενειχθῇ,
903 2134 1133 2200 τούτους
1173 2140 1335 2199 πᾶσα
1377 2135 1617 2227 ἀνάγκη
1634 2137 1759 2197 ἐστὶ
1797 2163 1949 2215 ταρι-

350 2223 664 2305 χεύσαντας
702 2225 872 2286 αυτὸν
918 2226 1010 2284 καὶ
1048 2226 1511 2302 περιστείλαντας
1551 2250 1625 2288 ως
1664 2224 1952 2287 κάλλιστα

353 2312 532 2393 θάψαι
572 2320 631 2375 ἐν
667 2318 823 2394 ιρῇσι
864 2314 1089 2392 θήκῃσι·
1134 2312 1260 2372 οὐδὲ
1297 2316 1516 2391 ψαῦσαι
1551 2314 1737 2383 ἔξεστι
1775 2312 1953 2375 αυτοῦ

352 2401 534 2463 ἄλλον
550 2402 759 2474 οὐδένα,
779 2402 905 2462 οὔτε
923 2407 1033 2462 τῶν
1052 2400 1452 2479 προσηκόντων
1472 2399 1600 2462 οὔτε
1617 2405 1727 2462 τῶν
1743 2401 1948 2478 φίλων·

352 2491 506 2550 ἀλλά
530 2517 627 2568 μιν
653 2494 706 2549 οἱ
734 2491 871 2568 ἱρέες
899 2489 1056 2551 αὐτοὶ
1083 2494 1138 2549 οἱ
1170 2493 1271 2551 τοῦ
1299 2491 1530 2561 Νείλου,
1558 2488 1656 2551 ἅτε
1687 2490 1866 2552 πλέον
1893 2515 1957 2551 τι·

350 2576 388 2655 ἢ
415 2577 709 2655 σ’,νθρῶπου
735 2578 944 2655 νεκρὸν,
971 2577 1433 2657 χειραπτάζοντες
1460 2576 1758 2639 θάπτουσι.

432 2664 821 2740 Ἑλληνικοῖσι
857 2665 916 2725 δὲ
951 2667 1236 2743 νομαίοισι
1271 2666 1548 2748 φεύγουσι
1579 2666 1849 2745 χρᾶσθαι,
1879 2665 1948 2728 τό

351 2754 412 2815 δὲ
458 2751 689 2829 σύμπαν
742 2757 929 2824 εἰπεῖν,
976 2752 1106 2830 μήδ’
1154 2753 1346 2814 ἄλλων
1397 2754 1629 2832 μηδαμὰ
1678 2754 1953 2832 μηδαμῶν

257 2846 329 2904 91
351 2840 650 2920 ἀνθρώπων
689 2842 992 2917 νομαίοισι.
1060 2842 1141 2921 (οἱ
1178 2842 1283 2918 μέν
1316 2868 1414 2903 νυν
1447 2842 1619 2902 ἄλλοι
1653 2841 1954 2923 Αἰγύπτιοι

352 2931 494 2993 οὕτω
525 2933 693 2991 τοῦτο
720 2929 1113 3006 φυλάσσουσι·
1156 2931 1279 2991 ἔστι
1311 2931 1372 2990 δὲ
1409 2932 1630 3008 Χέμμις
1657 2931 1826 2994 πόλις
1853 2957 1952 3008 με·

349 3019 500 3101 γάλη
541 3023 718 3095 νομοῦ
752 3022 852 3078 τοῦ
888 3020 1199 3095 Θηβαϊκοῦ,
1232 3017 1398 3099 ἐγγῦς
1437 3019 1591 3095 Νέης
1629 3018 1848 3082 πόλιος·
1892 3023 1954 3079 ἐν

349 3109 523 3185 ταύτῃ
542 3111 614 3185 τῇ
639 3105 778 3167 πόλι
805 3107 929 3167 ἐστὶ
956 3107 1214 3185 Περσέος
1237 3110 1338 3166 τοῦ
1366 3105 1593 3184 Δανάης
1620 3106 1740 3184 ἶρόν
1757 3105 1953 3183 τετρά-

348 3220 544 3275 γωνον·
591 3195 755 3271 πέριξ
798 3194 859 3253 δὲ
904 3193 1075 3255 αὐτοῦ
1123 3195 1369 3271 φοίνικες
1410 3194 1722 3270 πεφύκασι·
1772 3193 1846 3254 τοὶ
1892 3194 1956 3254 δὲ

350 3280 616 3349 πρόπυλα
648 3285 750 3339 τοῦ
792 3283 913 3357 ἱροῦ
952 3280 1142 3342 λίθινά
1183 3284 1321 3351 ἐστι,
1355 3281 1532 3358 κάρτα
1568 3280 1814 3363 μεγάλα·
1857 3286 1954 3345 ἐπὶ
