2184 3517
262 121 546 188 law-183]
954 124 1177 175 mmo.
1800 126 1864 174 89

257 202 490 278 περιθεῖ,
523 201 588 262 ού
622 205 823 282 πολλῷ
855 202 962 283 τέῳ
988 202 1394 279 ἀσθενέστερον
1419 205 1520 262 τοῦ
1546 203 1734 280 ἑτέρου
1758 202 1865 263 τεί-

256 315 385 368 χεος
431 288 782 367 στεινότερον
833 290 911 350 δέ.
995 295 1053 350 ἐν
1100 290 1159 351 δὲ
1213 291 1425 368 φάρσεϊ
1478 291 1714 370 ἑκατέρῳ
1763 295 1865 367 τῆς

256 376 458 441 πόλιος
481 379 794 457 τετείχιστο
823 384 879 439 ἐν
913 379 1091 458 μέσῳ·
1135 384 1194 439 ἐν
1225 383 1302 458 τῷ
1336 378 1434 455 ἦεν
1464 378 1536 439 τοὶ
1560 376 1863 456 βασιλήῖα,

257 467 551 545 περιβόλῳ
586 465 815 549 μεγάλῳ
850 492 912 526 τε
946 467 1037 526 καὶ
1086 471 1317 546 ἰσχυρῷ·
1359 472 1418 527 ἐν
1464 466 1522 525 δὲ
1563 470 1639 546 τῷ
1685 467 1864 545 ἑτέρῳ,

260 553 397 618 Διὸς
421 553 619 630 Βήλου
645 554 763 632 ἶρόν
788 554 1172 634 χαλκόπυλον,
1211 554 1304 614 καὶ
1345 560 1400 619 ἐς
1439 556 1537 631 ἐμὲ
1576 557 1743 614 τοῦτο
1785 555 1864 614 ἔτι

257 642 366 711 ε’ὂν,
406 641 506 701 δύο
540 641 781 704 σταδίων
819 642 1019 720 πάντη,
1062 642 1155 703 ε’ὂν
1192 641 1555 723 τετράγωνον.
1624 647 1683 703 ἕν
1707 642 1866 722 μέσῳ

256 729 319 790 δὲ
358 733 463 790 τοῦ
509 733 629 808 ἱροῦ
668 730 882 813 πύργος
929 730 1158 809 στερεᾶς
1191 730 1576 843 οἰκοδόμηται,
1633 731 1867 791 σταδίου

257 818 352 876 καὶ
374 818 444 878 τό
469 823 647 896 μῆκος
684 820 777 878 καὶ
805 819 873 880 vd
901 818 1076 897 ευρος·
1120 819 1213 878 καὶ
1247 820 1339 878 ἐπὶ
1367 818 1544 897 τούτω
1567 822 1644 897 τῷ
1668 816 1863 928 πύργῳ

254 904 438 971 ἄλλος
461 906 674 1018 πύργος
699 908 1012 985 ἐπιβέβηκε
1039 907 1193 966 καῖ’
1165 932 1349 985 ετερος
1372 906 1585 982 μάλα’
1559 908 1650 965 επὶ
1669 906 1861 986 τούτω,

227 1015 236 1029 ·
253 995 455 1073 μέχρις
480 993 546 1055 οὗ
572 993 716 1055 ὄκτω
740 994 983 1105 πύργων·
1024 994 1307 1072 ἀνάβασις
1341 995 1400 1053 δὲ
1433 999 1487 1057 ἐς
1514 992 1714 1057 αύτους
1740 995 1863 1064 ἔξω·

255 1082 355 1141 θεν
379 1081 564 1163 κύκλῳ
589 1084 718 1162 περὶ
753 1083 964 1147 πάντας
997 1109 1128 1147 τους
1157 1082 1403 1164 πύργους
1434 1083 1647 1161 ἔχουσα
1670 1083 1864 1141 πεποί-

253 1196 405 1245 ηται·
444 1176 714 1248 μεσοῦντι
738 1172 801 1232 δέ
823 1198 925 1231 κου
948 1177 1048 1248 τῆς
1073 1169 1393 1246 σῖναβάσιός
1419 1174 1545 1230 ἐστι
1569 1168 1867 1250 καταγωγή

253 1284 318 1318 τε
355 1260 449 1318 καὶ
486 1260 654 1320 θῶκοι
689 1258 1123 1338 ἀμπαυστήριοι,
1152 1264 1211 1319 ἐν
1245 1261 1397 1319 τοῖσι
1423 1257 1733 1328 κατίζοντες
1757 1255 1862 1334 α’μ·

253 1347 529 1407 παύονται
554 1350 608 1410 οἱ
632 1347 1048 1426 α’ναβαινοντες·
1084 1353 1143 1408 ἐν
1170 1347 1230 1407 δε
1254 1351 1332 1426 τῷ
1353 1345 1652 1425 τελευταίῳ
1671 1344 1865 1426 πύργω

253 1434 387 1512 νηός
413 1437 608 1496 ἔπεστι
631 1437 824 1518 μέγας·
868 1442 926 1497 ἐν
957 1437 1016 1496 δὲ
1051 1441 1128 1516 τῷ
1167 1439 1279 1515 νηῷ
1313 1435 1476 1510 κλίνη
1513 1434 1738 1513 μεγάλη
1778 1435 1863 1494 κε’·

254 1548 376 1583 εται
416 1523 477 1585 εὖ
519 1525 853 1603 ἐστρωμένη,
883 1525 980 1585 καί
1012 1527 1066 1585 οἱ
1097 1522 1343 1601 τράπεζα
1367 1523 1703 1601 παρακέεται
1727 1548 1860 1602 χρυ-

254 1613 381 1688 σέη·
424 1610 657 1694 αγαλμο.
697 1614 757 1674 δε
797 1613 897 1673 οὐκ
943 1614 1022 1673 ἔνι
1061 1611 1219 1672 ουδεν
1259 1610 1455 1671 αὐτόθι
1495 1611 1860 1688 ἐνιδρυμένον·

256 1699 382 1760 οὐδὲ
408 1701 580 1761 νύκτα
605 1701 781 1765 οὐδεὶς
801 1701 1143 1772 ἐναυλίζεται
1166 1698 1482 1777 ἀνθρώπων,
1500 1696 1588 1758 ὅτι
1610 1700 1692 1775 μὴ
1718 1698 1860 1780 γυνή

253 1788 433 1866 μούνη
473 1815 584 1850 των
624 1789 926 1870 ἐπιχωρίων
959 1814 1064 1864 την
1101 1787 1168 1848 ἂν
1208 1816 1240 1848 ο
1274 1786 1400 1850 θεός
1432 1788 1627 1863 ἕληται
1659 1791 1720 1847 ε’κ
1756 1812 1861 1845 πα-

254 1878 416 1948 σέων,
438 1904 509 1941 ως
528 1878 763 1960 λεγουσι
784 1881 839 1937 οἱ
858 1878 1201 1947 Χαλδαῖοι,’
1176 1875 1356 1938 εόντες
1383 1875 1521 1953 ἱρέες
1538 1874 1740 1935 τούτου
1759 1878 1859 1935 τοῦ

254 1965 406 2026 θεοῦ.
489 1967 641 2026 Φασὶ
676 1966 736 2026 δὲ
777 1969 831 2025 οἶ.
866 1965 1025 2026 αυτοὶ
1052 1962 1223 2034 οὗτοι,
1262 1964 1385 2041 ἐμοὶ
1419 1988 1523 2041 μεν
1550 1961 1615 2022 ού
1640 1988 1820 2024 πιστα
1841 1965 1952 2023 182

251 2055 533 2135 λέγοντες,
558 2054 657 2116 τὸν
692 2054 821 2115 θεὸν
861 2053 1028 2114 αὐτον
1063 2057 1269 2131 φοιτᾶν
1301 2078 1366 2112 τε
1399 2057 1454 2115 ἐς
1478 2051 1580 2111 τὸν
1605 2051 1739 2127 νηὸν
1765 2053 1859 2112 καὶ

251 2141 617 2218 ἀμπαύεσθαι
644 2144 737 2203 ε’πὶ
757 2147 861 2219 τῆς
886 2143 1092 2218 κλίνης,
1115 2140 1360 2218 κατάπερ
1387 2145 1445 2199 ἐν
1464 2140 1699 2218 Θήβῃσι
1723 2143 1861 2220 τῇσι

251 2232 600 2311 Αἰγυπτίῃσι
640 2230 782 2290 κατὰ
819 2230 918 2291 τόν
957 2230 1127 2291 αύτόν
1164 2229 1390 2306 τρόπον,
1433 2227 1503 2290 ὥς
1536 2229 1773 2309 λέγουσι
1805 2231 1875 2288 οἶ,

251 2319 575 2400 Αἰγύπτιοι·
623 2320 716 2378 καὶ
758 2318 871 2401 γὰρ
913 2317 982 2394 δή
1027 2319 1197 2379 ε’κεῖθι
1244 2320 1506 2393 κοιμᾶται
1546 2320 1604 2374 ἐν
1642 2320 1720 2393 τῷ
1757 2320 1858 2375 τοῦ

253 2408 395 2472 Διὸς
434 2412 536 2468 τοῦ
575 2408 856 2484 Θηβαιέος
898 2405 1059 2488 γυνή·
1113 2403 1429 2483 ἀμφότεραι
1470 2403 1530 2462 δὲ
1571 2401 1733 2462 αὗται
1766 2404 1858 2463 λέ-

248 2522 451 2578 γονται
473 2497 685 2575 ἀνδρῶν
710 2496 964 2573 οὐδαμῶν
992 2500 1046 2559 ἐς
1070 2493 1298 2572 ὁμιλίην
1318 2496 1541 2570 φοιτᾶν·
1574 2492 1667 2550 καὶ
1692 2491 1856 2551 κατά,-

251 2610 361 2662 περ
388 2591 448 2646 ἐν
474 2584 796 2664 Πατάροισι
829 2588 931 2660 τῆς
953 2584 1164 2659 Λυκίης
1187 2581 1225 2658 ἦ
1253 2580 1558 2659 πρόμαντις
1581 2583 1690 2661 τοῦ.
1711 2580 1857 2650 θεοῦ,

252 2674 424 2735 ε’πεοὶν
475 2675 722 2757 γένηται·
783 2673 848 2733 οὗ
896 2672 1007 2755 γοῖρ
1061 2671 1137 2732 ὦν
1190 2671 1303 2730 αἰεί
1349 2675 1472 2730 ἔστι
1512 2668 1858 2749 χρηστήριον

251 2762 470 2824 αυτόθι·
513 2761 682 2823 ε’πεσὶν
713 2761 773 2822 δὲ
806 2761 1051 2844 γένηται,
1077 2758 1207 2821 τότε
1243 2757 1317 2819 ὦν
1352 2758 1858 2840 συγκατακληίεται

249 2850 354 2914 τοὶς
388 2849 588 2913 νύκτας
613 2851 723 2911 ἔσω
750 2854 808 2910 ἔν
830 2853 908 2928 τῷ
937 2853 1067 2927 νηῷ.
1134 2846 1308 2908 Ἔστι
1332 2846 1393 2906 δὲ
1416 2850 1517 2906 τοῦ
1545 2851 1603 2906 ἐν
1627 2846 1817 2921 Βαβυ·
1840 2845 1955 2903 183

252 2942 437 3000 λῶνι’
419 2943 540 3018 ιροῦ
574 2939 668 2998 καὶ
702 2937 880 3002 αλλος
915 2936 1060 2997 κάτω
1091 2936 1239 3012 νηός·
1281 2936 1412 2996 ἔνθα
1449 2933 1680 3016 ἄγαλμα
1712 2932 1860 3014 μέγα

260 3033 353 3090 τοῦ
383 3028 574 3092 Aede*
546 3054 624 3088 ενι
651 3025 959 3105 κατήμενον
984 3024 1244 3139 χρύσεον,
1283 3024 1380 3083 καί
1413 3026 1467 3084 οἱ
1490 3020 1737 3101 τράπεζα
1762 3045 1858 3098 με·

260 3117 406 3199 γάλη
452 3116 791 3194 παρακέεται
830 3115 1062 3194 χρυσέη,
1105 3113 1198 3173 καὶ
1230 3112 1298 3172 τὰ
1337 3111 1559 3189 βάθρον
1600 3113 1653 3169 οἱ
1694 3109 1785 3168 καὶ
1824 3134 1858 3168 ο

254 3205 453 3283 θρόνος
498 3203 738 3285 χρύσεός
780 3208 919 3275 ἐστι,
961 3203 1071 3274 καὶ,
1112 3200 1185 3265 ὥς
1225 3201 1420 3281 ἔλεγον
1459 3202 1514 3258 οἱ
1558 3197 1856 3267 Χαλδαῖοι,

259 3291 543 3417 ταλάιὲτων
568 3290 912 3352 ὀκτακοσίων
937 3289 1176 3367 χρυσίου
1201 3310 1499 3363 πεποιηται
1521 3288 1717 3345 ταῦτα·
1759 3283 1860 3353 ἔξω
