<?xml version="1.0" encoding="UTF-8"?>
<!DOCTYPE html PUBLIC "-//W3C//DTD XHTML 1.0 Transitional//EN"
    "http://www.w3.org/TR/xhtml1/DTD/xhtml1-transitional.dtd">
<html xmlns="http://www.w3.org/1999/xhtml" xml:lang="en" lang="en">
 <head>
  <title>
</title>
<meta http-equiv="Content-Type" content="text/html;charset=utf-8" />
  <meta name='ocr-system' content='tesseract 3.04.00' />
  <meta name='ocr-capabilities' content='ocr_page ocr_carea ocr_par ocr_line ocrx_word'/>
</head>
<body>
  <div class='ocr_page' id='page_1' title='image "./herodotus02unkngoog_0076.png"; bbox 0 0 2184 3517; ppageno 0'>
   <div class='ocr_carea' id='block_1_1' title="bbox 269 113 2026 3347">
    <p class='ocr_par' dir='ltr' id='par_1_1' title="bbox 269 113 2026 3347">
     <span class='ocr_line' id='line_1_1' title="bbox 365 113 1969 188; baseline 0.001 -14"><span class='ocrx_word' id='word_1_1' title='bbox 365 126 430 174; x_wconf 74' lang='grc' dir='ltr'>σο</span> <span class='ocrx_word' id='word_1_2' title='bbox 969 113 1358 176; x_wconf 67' lang='grc' dir='ltr'>ΉΡοΔοτοτ·</span> <span class='ocrx_word' id='word_1_3' title='bbox 1893 122 1969 188; x_wconf 90' lang='lat'>[1.</span> 
     </span>
     <span class='ocr_line' id='line_1_2' title="bbox 361 202 1977 285; baseline 0 -20"><span class='ocrx_word' id='word_1_4' title='bbox 361 209 590 266; x_wconf 75' lang='grc' dir='ltr'>σκοπῶν</span> <span class='ocrx_word' id='word_1_5' title='bbox 615 204 755 271; x_wconf 84' lang='grc' dir='ltr'>ὅκως</span> <span class='ocrx_word' id='word_1_6' title='bbox 776 207 880 266; x_wconf 91' lang='grc' dir='ltr'>σοί</span> <span class='ocrx_word' id='word_1_7' title='bbox 896 231 962 267; x_wconf 91' lang='grc' dir='ltr'>τε</span> <span class='ocrx_word' id='word_1_8' title='bbox 988 205 1213 281; x_wconf 88' lang='grc' dir='ltr'>ποιήσω</span> <span class='ocrx_word' id='word_1_9' title='bbox 1237 203 1379 266; x_wconf 75' lang='grc' dir='ltr'>κατὰ</span> <span class='ocrx_word' id='word_1_10' title='bbox 1402 203 1549 276; x_wconf 83' lang='grc' dir='ltr'><strong><em>νόον,</em></strong></span> <span class='ocrx_word' id='word_1_11' title='bbox 1576 203 1671 264; x_wconf 82' lang='grc' dir='ltr'>καὶ</span> <span class='ocrx_word' id='word_1_12' title='bbox 1696 202 1804 285; x_wconf 71' lang='grc' dir='ltr'>ἐγὼ</span> <span class='ocrx_word' id='word_1_13' title='bbox 1829 202 1977 281; x_wconf 83' lang='grc' dir='ltr'>πρὸς</span> 
     </span>
     <span class='ocr_line' id='line_1_3' title="bbox 363 290 1978 372; baseline 0 -20"><span class='ocrx_word' id='word_1_14' title='bbox 363 294 435 352; x_wconf 78' lang='grc' dir='ltr'>σὲ</span> <span class='ocrx_word' id='word_1_15' title='bbox 456 291 745 372; x_wconf 82' lang='grc' dir='ltr'>γινόμενος</span> <span class='ocrx_word' id='word_1_16' title='bbox 770 292 1172 371; x_wconf 81' lang='grc' dir='ltr'>οἶναμάρτητος,</span> <span class='ocrx_word' id='word_1_17' title='bbox 1196 291 1341 369; x_wconf 84' lang='grc' dir='ltr'>μήτε</span> <span class='ocrx_word' id='word_1_18' title='bbox 1366 291 1602 372; x_wconf 84' lang='grc' dir='ltr'>θυγατρὶ</span> <span class='ocrx_word' id='word_1_19' title='bbox 1623 295 1697 370; x_wconf 74' lang='grc' dir='ltr'>τῇ</span> <span class='ocrx_word' id='word_1_20' title='bbox 1723 294 1804 369; x_wconf 76' lang='grc' dir='ltr'>σῇ</span> <span class='ocrx_word' id='word_1_21' title='bbox 1826 290 1978 368; x_wconf 87' lang='grc' dir='ltr'>μήτε</span> 
     </span>
     <span class='ocr_line' id='line_1_4' title="bbox 363 377 1978 457; baseline 0.001 -19"><span class='ocrx_word' id='word_1_22' title='bbox 363 378 510 457; x_wconf 75' lang='grc' dir='ltr'>αύτῷ</span> <span class='ocrx_word' id='word_1_23' title='bbox 532 404 629 439; x_wconf 91' lang='grc' dir='ltr'>σοι</span> <span class='ocrx_word' id='word_1_24' title='bbox 653 380 771 456; x_wconf 79' lang='grc' dir='ltr'>ε’ίην</span> <span class='ocrx_word' id='word_1_25' title='bbox 794 379 1079 456; x_wconf 74' lang='grc' dir='ltr'>αὐθέντης.</span> <span class='ocrx_word' id='word_1_26' title='bbox 1160 380 1330 440; x_wconf 83' lang='grc' dir='ltr'>ποιέω</span> <span class='ocrx_word' id='word_1_27' title='bbox 1356 379 1424 455; x_wconf 78' lang='grc' dir='ltr'>δὴ</span> <span class='ocrx_word' id='word_1_28' title='bbox 1449 377 1573 438; x_wconf 78' lang='grc' dir='ltr'>ὦδε·</span> <span class='ocrx_word' id='word_1_29' title='bbox 1601 379 1850 441; x_wconf 84' lang='grc' dir='ltr'>καλέσας</span> <span class='ocrx_word' id='word_1_30' title='bbox 1871 378 1978 439; x_wconf 85' lang='grc' dir='ltr'>τόν</span> 
     </span>
     <span class='ocr_line' id='line_1_5' title="bbox 361 465 1978 544; baseline 0.001 -18"><span class='ocrx_word' id='word_1_31' title='bbox 361 465 648 543; x_wconf 85' lang='grc' dir='ltr'>βουκόλον</span> <span class='ocrx_word' id='word_1_32' title='bbox 677 467 852 538; x_wconf 81' lang='grc' dir='ltr'>τόνδε,</span> <span class='ocrx_word' id='word_1_33' title='bbox 885 468 1238 544; x_wconf 88' lang='grc' dir='ltr'>παραδίδωμι</span> <span class='ocrx_word' id='word_1_34' title='bbox 1268 467 1359 528; x_wconf 79' lang='grc' dir='ltr'>τὸ,</span> <span class='ocrx_word' id='word_1_35' title='bbox 1383 466 1621 537; x_wconf 82' lang='grc' dir='ltr'>παιδίον,</span> <span class='ocrx_word' id='word_1_36' title='bbox 1650 465 1765 541; x_wconf 73' lang='grc' dir='ltr'>φὰς</span> <span class='ocrx_word' id='word_1_37' title='bbox 1799 466 1872 526; x_wconf 90' lang='grc' dir='ltr'>σέ</span> <span class='ocrx_word' id='word_1_38' title='bbox 1908 492 1978 527; x_wconf 92' lang='grc' dir='ltr'>τε</span> 
     </span>
     <span class='ocr_line' id='line_1_6' title="bbox 363 552 1977 634; baseline 0.001 -20"><span class='ocrx_word' id='word_1_39' title='bbox 363 553 503 614; x_wconf 82' lang='grc' dir='ltr'>εἶναι</span> <span class='ocrx_word' id='word_1_40' title='bbox 516 553 615 614; x_wconf 75' lang='grc' dir='ltr'>τόν</span> <span class='ocrx_word' id='word_1_41' title='bbox 631 554 929 615; x_wconf 82' lang='grc' dir='ltr'>κελεύοντα</span> <span class='ocrx_word' id='word_1_42' title='bbox 944 553 1266 615; x_wconf 74' lang='grc' dir='ltr'>ἀποκτεῖναι</span> <span class='ocrx_word' id='word_1_43' title='bbox 1282 552 1594 615; x_wconf 81' lang='grc' dir='ltr'>αύτό--καὶ</span> <span class='ocrx_word' id='word_1_44' title='bbox 1609 553 1791 634; x_wconf 85' lang='grc' dir='ltr'>λέγων</span> <span class='ocrx_word' id='word_1_45' title='bbox 1803 553 1977 615; x_wconf 81' lang='grc' dir='ltr'>τοῦτό</span> 
     </span>
     <span class='ocr_line' id='line_1_7' title="bbox 362 639 1975 723; baseline -0.001 -22"><span class='ocrx_word' id='word_1_46' title='bbox 362 666 432 722; x_wconf 86' lang='grc' dir='ltr'>γε</span> <span class='ocrx_word' id='word_1_47' title='bbox 466 639 567 701; x_wconf 77' lang='grc' dir='ltr'>οὔκ</span> <span class='ocrx_word' id='word_1_48' title='bbox 605 641 934 718; x_wconf 86' lang='grc' dir='ltr'>ἐψευδόμην·</span> <span class='ocrx_word' id='word_1_49' title='bbox 975 642 1051 702; x_wconf 70' lang='lat' dir='ltr'>m)</span> <span class='ocrx_word' id='word_1_50' title='bbox 1087 641 1199 723; x_wconf 78' lang='grc' dir='ltr'>γὰρ</span> <span class='ocrx_word' id='word_1_51' title='bbox 1238 643 1528 703; x_wconf 80' lang='grc' dir='ltr'>ἐνετέλλεο</span> <span class='ocrx_word' id='word_1_52' title='bbox 1568 639 1975 718; x_wconf 80' lang='grc' dir='ltr'>οὕτω-παρα-</span> 
     </span>
     <span class='ocr_line' id='line_1_8' title="bbox 364 727 1982 807; baseline -0.001 -18"><span class='ocrx_word' id='word_1_53' title='bbox 364 728 558 805; x_wconf 87' lang='grc' dir='ltr'>δίδωμι</span> <span class='ocrx_word' id='word_1_54' title='bbox 591 729 785 806; x_wconf 86' lang='grc' dir='ltr'>μέντοι</span> <span class='ocrx_word' id='word_1_55' title='bbox 821 734 896 807; x_wconf 68' lang='grc' dir='ltr'>τιζ</span> <span class='ocrx_word' id='word_1_56' title='bbox 899 729 959 793; x_wconf 85' lang='grc' dir='ltr'>δε</span> <span class='ocrx_word' id='word_1_57' title='bbox 999 729 1141 790; x_wconf 83' lang='grc' dir='ltr'>κατοὶ</span> <span class='ocrx_word' id='word_1_58' title='bbox 1178 728 1328 800; x_wconf 89' lang='grc' dir='ltr'>τάδε,</span> <span class='ocrx_word' id='word_1_59' title='bbox 1368 727 1754 804; x_wconf 87' lang='grc' dir='ltr'>ἐντειλάμενος</span> <span class='ocrx_word' id='word_1_60' title='bbox 1792 729 1982 789; x_wconf 83' lang='grc' dir='ltr'>θεῖναί</span> 
     </span>
     <span class='ocr_line' id='line_1_9' title="bbox 359 814 1976 894; baseline 0.001 -19"><span class='ocrx_word' id='word_1_61' title='bbox 359 842 459 894; x_wconf 88' lang='grc' dir='ltr'>μιν</span> <span class='ocrx_word' id='word_1_62' title='bbox 480 821 535 879; x_wconf 88' lang='grc' dir='ltr'>ἐς</span> <span class='ocrx_word' id='word_1_63' title='bbox 555 820 763 893; x_wconf 85' lang='grc' dir='ltr'>ἐρῆμον</span> <span class='ocrx_word' id='word_1_64' title='bbox 784 842 947 894; x_wconf 93' lang='grc' dir='ltr'>ουρος</span> <span class='ocrx_word' id='word_1_65' title='bbox 968 817 1060 875; x_wconf 86' lang='grc' dir='ltr'>καὶ</span> <span class='ocrx_word' id='word_1_66' title='bbox 1079 817 1472 894; x_wconf 87' lang='grc' dir='ltr'>παραμένοντα</span> <span class='ocrx_word' id='word_1_67' title='bbox 1492 814 1873 891; x_wconf 78' lang='grc' dir='ltr'>φυλάσσειν”</span> <span class='ocrx_word' id='word_1_68' title='bbox 1836 842 1976 894; x_wconf 88' lang='grc' dir='ltr'>αχρι</span> 
     </span>
     <span class='ocr_line' id='line_1_10' title="bbox 363 901 1975 983; baseline 0 -20"><span class='ocrx_word' id='word_1_69' title='bbox 363 901 429 963; x_wconf 80' lang='grc' dir='ltr'>οὗ</span> <span class='ocrx_word' id='word_1_70' title='bbox 459 903 804 980; x_wconf 83' lang='grc' dir='ltr'>τελευτήσει,</span> <span class='ocrx_word' id='word_1_71' title='bbox 838 903 1157 980; x_wconf 78' lang='grc' dir='ltr'>ἀπειλήσας</span> <span class='ocrx_word' id='word_1_72' title='bbox 1185 907 1425 964; x_wconf 83' lang='grc' dir='ltr'>παντοῖα</span> <span class='ocrx_word' id='word_1_73' title='bbox 1453 901 1660 983; x_wconf 79' lang='grc' dir='ltr'>τῶδε</span> <span class='ocrx_word' id='word_1_74' title='bbox 1624 928 1695 979; x_wconf 89' lang='grc' dir='ltr'>ην</span> <span class='ocrx_word' id='word_1_75' title='bbox 1724 902 1805 980; x_wconf 83' lang='grc' dir='ltr'>μὴ</span> <span class='ocrx_word' id='word_1_76' title='bbox 1835 903 1975 963; x_wconf 89' lang='grc' dir='ltr'>τάδε</span> 
     </span>
     <span class='ocr_line' id='line_1_11' title="bbox 363 987 1975 1070; baseline 0 -19"><span class='ocrx_word' id='word_1_77' title='bbox 363 992 622 1052; x_wconf 78' lang='grc' dir='ltr'>ἐπιτελέα</span> <span class='ocrx_word' id='word_1_78' title='bbox 661 990 894 1070; x_wconf 87' lang='grc' dir='ltr'>ποιήσῃ·</span> <span class='ocrx_word' id='word_1_79' title='bbox 937 992 1063 1051; x_wconf 87' lang='grc' dir='ltr'>ἐπεί</span> <span class='ocrx_word' id='word_1_80' title='bbox 1089 1017 1155 1051; x_wconf 93' lang='grc' dir='ltr'>τε</span> <span class='ocrx_word' id='word_1_81' title='bbox 1145 987 1246 1051; x_wconf 82' lang='grc' dir='ltr'>δὲ</span> <span class='ocrx_word' id='word_1_82' title='bbox 1280 990 1623 1067; x_wconf 81' lang='grc' dir='ltr'>ποιήσαντος</span> <span class='ocrx_word' id='word_1_83' title='bbox 1657 989 1858 1050; x_wconf 79' lang='grc' dir='ltr'>τούτου</span> <span class='ocrx_word' id='word_1_84' title='bbox 1896 1017 1975 1051; x_wconf 88' lang='grc' dir='ltr'>τα</span> 
     </span>
     <span class='ocr_line' id='line_1_12' title="bbox 363 1077 1972 1156; baseline 0.001 -18"><span class='ocrx_word' id='word_1_85' title='bbox 363 1077 700 1156; x_wconf 89' lang='grc' dir='ltr'>κελευόμενα</span> <span class='ocrx_word' id='word_1_86' title='bbox 735 1077 1064 1155; x_wconf 78' lang='grc' dir='ltr'>ἐτελεύτησε</span> <span class='ocrx_word' id='word_1_87' title='bbox 1102 1078 1169 1140; x_wconf 76' lang='grc' dir='ltr'>τὰ</span> <span class='ocrx_word' id='word_1_88' title='bbox 1207 1079 1447 1150; x_wconf 86' lang='grc' dir='ltr'>παιδίον,</span> <span class='ocrx_word' id='word_1_89' title='bbox 1482 1079 1711 1156; x_wconf 84' lang='grc' dir='ltr'>πέμψας</span> <span class='ocrx_word' id='word_1_90' title='bbox 1739 1081 1850 1138; x_wconf 76' lang='grc' dir='ltr'>τῶν</span> <span class='ocrx_word' id='word_1_91' title='bbox 1884 1077 1972 1139; x_wconf 80' lang='grc' dir='ltr'>εὖ·</span> 
     </span>
     <span class='ocr_line' id='line_1_13' title="bbox 360 1164 1973 1244; baseline 0.001 -18"><span class='ocrx_word' id='word_1_92' title='bbox 360 1164 573 1244; x_wconf 87' lang='grc' dir='ltr'>νούχων</span> <span class='ocrx_word' id='word_1_93' title='bbox 605 1166 735 1231; x_wconf 78' lang='grc' dir='ltr'>τούς</span> <span class='ocrx_word' id='word_1_94' title='bbox 768 1166 1158 1238; x_wconf 82' lang='grc' dir='ltr'>πιστοτάτους,</span> <span class='ocrx_word' id='word_1_95' title='bbox 1196 1167 1289 1226; x_wconf 86' lang='grc' dir='ltr'>καὶ</span> <span class='ocrx_word' id='word_1_96' title='bbox 1325 1166 1472 1227; x_wconf 80' lang='grc' dir='ltr'>εἶδον</span> <span class='ocrx_word' id='word_1_97' title='bbox 1510 1164 1579 1225; x_wconf 79' lang='grc' dir='ltr'>δι’</span> <span class='ocrx_word' id='word_1_98' title='bbox 1616 1165 1832 1225; x_wconf 85' lang='grc' dir='ltr'>ἐκείνων</span> <span class='ocrx_word' id='word_1_99' title='bbox 1874 1168 1973 1227; x_wconf 86' lang='grc' dir='ltr'>καὶ</span> 
     </span>
     <span class='ocr_line' id='line_1_14' title="bbox 363 1252 1971 1334; baseline -0.001 -21"><span class='ocrx_word' id='word_1_100' title='bbox 363 1252 547 1331; x_wconf 82' lang='grc' dir='ltr'>ἔθαψά</span> <span class='ocrx_word' id='word_1_101' title='bbox 570 1278 687 1331; x_wconf 91' lang='grc' dir='ltr'>μιν.</span> <span class='ocrx_word' id='word_1_102' title='bbox 768 1253 937 1317; x_wconf 78' lang='grc' dir='ltr'>οὕτως</span> <span class='ocrx_word' id='word_1_103' title='bbox 963 1255 1116 1333; x_wconf 84' lang='grc' dir='ltr'>ἔσχε,</span> <span class='ocrx_word' id='word_1_104' title='bbox 1147 1253 1189 1313; x_wconf 80' lang='grc' dir='ltr'><em>ὦ</em></span> <span class='ocrx_word' id='word_1_105' title='bbox 1213 1255 1485 1330; x_wconf 80' lang='grc' dir='ltr'>βασιλεῦ,</span> <span class='ocrx_word' id='word_1_106' title='bbox 1510 1253 1641 1331; x_wconf 85' lang='grc' dir='ltr'>περὶ</span> <span class='ocrx_word' id='word_1_107' title='bbox 1662 1257 1765 1313; x_wconf 80' lang='grc' dir='ltr'>τοῦ</span> <span class='ocrx_word' id='word_1_108' title='bbox 1788 1253 1971 1334; x_wconf 83' lang='grc' dir='ltr'>πρήγ-</span> 
     </span>
     <span class='ocr_line' id='line_1_15' title="bbox 359 1340 1928 1421; baseline 0.001 -21"><span class='ocrx_word' id='word_1_109' title='bbox 359 1366 536 1417; x_wconf 88' lang='grc' dir='ltr'>ματος</span> <span class='ocrx_word' id='word_1_110' title='bbox 558 1340 777 1401; x_wconf 88' lang='grc' dir='ltr'>τούτου·</span> <span class='ocrx_word' id='word_1_111' title='bbox 820 1342 914 1400; x_wconf 84' lang='grc' dir='ltr'>καὶ</span> <span class='ocrx_word' id='word_1_112' title='bbox 935 1342 1167 1420; x_wconf 77' lang='grc' dir='ltr'>τοιούτῳ</span> <span class='ocrx_word' id='word_1_113' title='bbox 1191 1341 1347 1421; x_wconf 80' lang='grc' dir='ltr'>μόρῳ</span> <span class='ocrx_word' id='word_1_114' title='bbox 1374 1340 1658 1420; x_wconf 86' lang='grc' dir='ltr'>ἐχρήσατο</span> <span class='ocrx_word' id='word_1_115' title='bbox 1683 1340 1717 1401; x_wconf 83' lang='grc' dir='ltr'>ὁ</span> <span class='ocrx_word' id='word_1_116' title='bbox 1742 1341 1928 1404; x_wconf 83' lang='grc' dir='ltr'>παῖς.”</span> 
     </span>
     <span class='ocr_line' id='line_1_16' title="bbox 269 1426 1970 1510; baseline 0.001 -22"><span class='ocrx_word' id='word_1_117' title='bbox 269 1429 384 1489; x_wconf 89' lang='grc'>118</span> <span class='ocrx_word' id='word_1_118' title='bbox 430 1427 725 1509; x_wconf 75' lang='grc' dir='ltr'>Ἅρπαγος</span> <span class='ocrx_word' id='word_1_119' title='bbox 746 1431 850 1505; x_wconf 82' lang='grc' dir='ltr'>μὲν</span> <span class='ocrx_word' id='word_1_120' title='bbox 878 1428 946 1503; x_wconf 81' lang='grc' dir='ltr'>δὴ</span> <span class='ocrx_word' id='word_1_121' title='bbox 970 1427 1070 1489; x_wconf 85' lang='grc' dir='ltr'>τόν</span> <span class='ocrx_word' id='word_1_122' title='bbox 1098 1428 1218 1489; x_wconf 76' lang='grc' dir='ltr'>ἷθῦν</span> <span class='ocrx_word' id='word_1_123' title='bbox 1244 1430 1436 1504; x_wconf 81' lang='grc' dir='ltr'>ἔφαινε</span> <span class='ocrx_word' id='word_1_124' title='bbox 1460 1428 1656 1510; x_wconf 84' lang='grc' dir='ltr'>λόγον.</span> <span class='ocrx_word' id='word_1_125' title='bbox 1726 1426 1970 1490; x_wconf 89' lang='grc' dir='ltr'>Ἀστυά-</span> 
     </span>
     <span class='ocr_line' id='line_1_17' title="bbox 359 1514 2026 1597; baseline 0.001 -19"><span class='ocrx_word' id='word_1_126' title='bbox 359 1540 466 1597; x_wconf 83' lang='grc' dir='ltr'>γης</span> <span class='ocrx_word' id='word_1_127' title='bbox 498 1516 559 1575; x_wconf 79' lang='grc' dir='ltr'>δὲ</span> <span class='ocrx_word' id='word_1_128' title='bbox 591 1514 843 1593; x_wconf 85' lang='grc' dir='ltr'>κρύπτων</span> <span class='ocrx_word' id='word_1_129' title='bbox 870 1515 970 1576; x_wconf 90' lang='grc' dir='ltr'>τόν</span> <span class='ocrx_word' id='word_1_130' title='bbox 997 1518 1053 1575; x_wconf 79' lang='grc' dir='ltr'>οἱ</span> <span class='ocrx_word' id='word_1_131' title='bbox 1078 1516 1283 1594; x_wconf 87' lang='grc' dir='ltr'>ἐνείχεε</span> <span class='ocrx_word' id='word_1_132' title='bbox 1305 1515 1485 1594; x_wconf 88' lang='grc' dir='ltr'>χόλον</span> <span class='ocrx_word' id='word_1_133' title='bbox 1511 1515 1603 1575; x_wconf 75' lang='grc' dir='ltr'>διὰ</span> <span class='ocrx_word' id='word_1_134' title='bbox 1625 1515 1693 1576; x_wconf 79' lang='grc' dir='ltr'><em>τό</em></span> <span class='ocrx_word' id='word_1_135' title='bbox 1717 1516 1969 1597; x_wconf 81' lang='grc' dir='ltr'>γεγονός,</span> <span class='ocrx_word' id='word_1_136' title='bbox 2022 1561 2026 1565; x_wconf 93' lang='grc'>-</span> 
     </span>
     <span class='ocr_line' id='line_1_18' title="bbox 358 1600 1971 1680; baseline 0.002 -19"><span class='ocrx_word' id='word_1_137' title='bbox 358 1606 555 1679; x_wconf 76' lang='grc' dir='ltr'>πρῶτα</span> <span class='ocrx_word' id='word_1_138' title='bbox 571 1605 691 1679; x_wconf 77' lang='grc' dir='ltr'>μὲν,</span> <span class='ocrx_word' id='word_1_139' title='bbox 709 1601 954 1680; x_wconf 79' lang='grc' dir='ltr'>κατάπερ</span> <span class='ocrx_word' id='word_1_140' title='bbox 973 1600 1186 1678; x_wconf 86' lang='grc' dir='ltr'>ἤκουσε</span> <span class='ocrx_word' id='word_1_141' title='bbox 1204 1601 1369 1666; x_wconf 79' lang='grc' dir='ltr'>αὖτός</span> <span class='ocrx_word' id='word_1_142' title='bbox 1386 1602 1528 1680; x_wconf 80' lang='grc' dir='ltr'>πρὸς</span> <span class='ocrx_word' id='word_1_143' title='bbox 1551 1608 1654 1664; x_wconf 82' lang='grc' dir='ltr'>τοῦ</span> <span class='ocrx_word' id='word_1_144' title='bbox 1676 1602 1971 1680; x_wconf 86' lang='grc' dir='ltr'>βουκόλου</span> 
     </span>
     <span class='ocr_line' id='line_1_19' title="bbox 363 1688 1968 1771; baseline 0 -20"><span class='ocrx_word' id='word_1_145' title='bbox 363 1689 431 1751; x_wconf 67' lang='lat' dir='ltr'>vd</span> <span class='ocrx_word' id='word_1_146' title='bbox 466 1694 721 1770; x_wconf 82' lang='grc' dir='ltr'>πρῆγμα,</span> <span class='ocrx_word' id='word_1_147' title='bbox 755 1688 932 1749; x_wconf 87' lang='grc' dir='ltr'>πάλιν</span> <span class='ocrx_word' id='word_1_148' title='bbox 965 1688 1244 1771; x_wconf 73' lang='grc' dir='ltr'>ἀπηγέετο</span> <span class='ocrx_word' id='word_1_149' title='bbox 1273 1693 1351 1768; x_wconf 77' lang='grc' dir='ltr'>τῷ</span> <span class='ocrx_word' id='word_1_150' title='bbox 1378 1689 1664 1771; x_wconf 80' lang='grc' dir='ltr'>Ἀρπάγω·</span> <span class='ocrx_word' id='word_1_151' title='bbox 1705 1715 1849 1767; x_wconf 87' lang='grc' dir='ltr'>μετα</span> <span class='ocrx_word' id='word_1_152' title='bbox 1888 1691 1968 1763; x_wconf 80' lang='grc' dir='ltr'>δὲ,</span> 
     </span>
     <span class='ocr_line' id='line_1_20' title="bbox 362 1775 2005 1859; baseline 0.001 -22"><span class='ocrx_word' id='word_1_153' title='bbox 362 1776 435 1841; x_wconf 81' lang='grc' dir='ltr'>ὥς</span> <span class='ocrx_word' id='word_1_154' title='bbox 466 1780 522 1837; x_wconf 79' lang='grc' dir='ltr'>οἱ</span> <span class='ocrx_word' id='word_1_155' title='bbox 554 1775 993 1858; x_wconf 69' lang='grc' dir='ltr'>ἐπαλιλλόγητο,</span> <span class='ocrx_word' id='word_1_156' title='bbox 1021 1778 1318 1854; x_wconf 85' lang='grc' dir='ltr'>κατέβαινε</span> <span class='ocrx_word' id='word_1_157' title='bbox 1349 1779 1532 1859; x_wconf 89' lang='grc' dir='ltr'>λέγων</span> <span class='ocrx_word' id='word_1_158' title='bbox 1564 1803 1639 1841; x_wconf 90' lang='grc' dir='ltr'>ως</span> <span class='ocrx_word' id='word_1_159' title='bbox 1663 1786 1699 1812; x_wconf 93' lang='lat'><strong>“</strong></span> <span class='ocrx_word' id='word_1_160' title='bbox 1712 1778 1979 1854; x_wconf 83' lang='grc' dir='ltr'>περίεστί</span> <span class='ocrx_word' id='word_1_161' title='bbox 1957 1777 2005 1803; x_wconf 75' lang='grc'>’”</span> 
     </span>
     <span class='ocr_line' id='line_1_21' title="bbox 364 1864 1970 1973; baseline 0 -47"><span class='ocrx_word' id='word_1_162' title='bbox 364 1890 429 1926; x_wconf 86' lang='grc' dir='ltr'>τε</span> <span class='ocrx_word' id='word_1_163' title='bbox 459 1864 494 1925; x_wconf 79' lang='grc' dir='ltr'>ὅ</span> <span class='ocrx_word' id='word_1_164' title='bbox 522 1869 687 1973; x_wconf 58' lang='lat' dir='ltr'>vrak„</span> <span class='ocrx_word' id='word_1_165' title='bbox 688 1865 780 1924; x_wconf 89' lang='grc' dir='ltr'>καὶ</span> <span class='ocrx_word' id='word_1_166' title='bbox 811 1864 880 1924; x_wconf 64' lang='lat' dir='ltr'>vd</span> <span class='ocrx_word' id='word_1_167' title='bbox 909 1864 1141 1947; x_wconf 81' lang='grc' dir='ltr'>γεγονός</span> <span class='ocrx_word' id='word_1_168' title='bbox 1174 1867 1290 1943; x_wconf 83' lang='grc' dir='ltr'>ἔχει</span> <span class='ocrx_word' id='word_1_169' title='bbox 1321 1869 1522 1929; x_wconf 78' lang='grc' dir='ltr'>καλῶς·</span> <span class='ocrx_word' id='word_1_170' title='bbox 1547 1869 1627 1943; x_wconf 75' lang='grc' dir='ltr'>τῷ</span> <span class='ocrx_word' id='word_1_171' title='bbox 1648 1890 1712 1925; x_wconf 91' lang='grc' dir='ltr'>τε</span> <span class='ocrx_word' id='word_1_172' title='bbox 1733 1864 1844 1945; x_wconf 75' lang='grc' dir='ltr'>γὰρ</span> <span class='ocrx_word' id='word_1_173' title='bbox 1871 1891 1970 1926; x_wconf 90' lang='grc' dir='ltr'>πε-</span> 
     </span>
     <span class='ocr_line' id='line_1_22' title="bbox 358 1951 1972 2064; baseline 0.001 -51"><span class='ocrx_word' id='word_1_174' title='bbox 358 1953 656 2032; x_wconf 90' lang='grc' dir='ltr'>ποιημένω,</span> <span class='ocrx_word' id='word_1_175' title='bbox 656 1951 820 2064; x_wconf 82' lang='grc' dir='ltr'>”ἔφη</span> <span class='ocrx_word' id='word_1_176' title='bbox 843 1953 1041 2034; x_wconf 85' lang='grc' dir='ltr'>λέγων,</span> <span class='ocrx_word' id='word_1_177' title='bbox 1069 1958 1151 1989; x_wconf 81' lang='grc'>“’</span> <span class='ocrx_word' id='word_1_178' title='bbox 1124 1979 1179 2017; x_wconf 91' lang='grc' dir='ltr'>ες</span> <span class='ocrx_word' id='word_1_179' title='bbox 1197 1952 1296 2013; x_wconf 84' lang='grc' dir='ltr'>τόν</span> <span class='ocrx_word' id='word_1_180' title='bbox 1314 1953 1490 2012; x_wconf 84' lang='grc' dir='ltr'>παῖδα</span> <span class='ocrx_word' id='word_1_181' title='bbox 1507 1957 1705 2014; x_wconf 83' lang='grc' dir='ltr'>τοῦτον</span> <span class='ocrx_word' id='word_1_182' title='bbox 1731 1951 1972 2028; x_wconf 82' lang='grc' dir='ltr'>ἔκαμνον</span> 
     </span>
     <span class='ocr_line' id='line_1_23' title="bbox 359 2040 1972 2122; baseline 0.001 -21"><span class='ocrx_word' id='word_1_183' title='bbox 359 2040 635 2122; x_wconf 80' lang='grc' dir='ltr'>μεγάλως,</span> <span class='ocrx_word' id='word_1_184' title='bbox 667 2041 760 2100; x_wconf 85' lang='grc' dir='ltr'>καὶ</span> <span class='ocrx_word' id='word_1_185' title='bbox 791 2041 1025 2120; x_wconf 88' lang='grc' dir='ltr'>θυγατρὶ</span> <span class='ocrx_word' id='word_1_186' title='bbox 1054 2045 1130 2120; x_wconf 79' lang='grc' dir='ltr'>τῇ</span> <span class='ocrx_word' id='word_1_187' title='bbox 1163 2046 1270 2120; x_wconf 80' lang='grc' dir='ltr'>ἐμῇ</span> <span class='ocrx_word' id='word_1_188' title='bbox 1302 2041 1756 2118; x_wconf 80' lang='grc' dir='ltr'>διαβεβλημένος</span> <span class='ocrx_word' id='word_1_189' title='bbox 1781 2066 1882 2101; x_wconf 91' lang='grc' dir='ltr'>ουκ</span> <span class='ocrx_word' id='word_1_190' title='bbox 1908 2046 1972 2102; x_wconf 90' lang='grc' dir='ltr'>ἐν</span> 
     </span>
     <span class='ocr_line' id='line_1_24' title="bbox 361 2126 1969 2208; baseline -0.001 -19"><span class='ocrx_word' id='word_1_191' title='bbox 361 2133 592 2208; x_wconf 68' lang='grc' dir='ltr'>ἐλαφριζ</span> <span class='ocrx_word' id='word_1_192' title='bbox 617 2127 932 2206; x_wconf 78' lang='grc' dir='ltr'>ἐποιεύμην·</span> <span class='ocrx_word' id='word_1_193' title='bbox 959 2154 1031 2192; x_wconf 89' lang='grc' dir='ltr'>ως</span> <span class='ocrx_word' id='word_1_194' title='bbox 1055 2153 1131 2188; x_wconf 92' lang='grc' dir='ltr'>ων</span> <span class='ocrx_word' id='word_1_195' title='bbox 1154 2133 1255 2204; x_wconf 74' lang='grc' dir='ltr'>τῆς</span> <span class='ocrx_word' id='word_1_196' title='bbox 1277 2128 1450 2207; x_wconf 83' lang='grc' dir='ltr'>τύχης</span> <span class='ocrx_word' id='word_1_197' title='bbox 1477 2154 1535 2188; x_wconf 90' lang='grc' dir='ltr'>ευ</span> <span class='ocrx_word' id='word_1_198' title='bbox 1559 2126 1969 2205; x_wconf 73' lang='grc' dir='ltr'>μετεστεώσης,</span> 
     </span>
     <span class='ocr_line' id='line_1_25' title="bbox 358 2215 1971 2294; baseline -0.001 -17"><span class='ocrx_word' id='word_1_199' title='bbox 358 2221 526 2277; x_wconf 84' lang='grc' dir='ltr'>τοῦτο</span> <span class='ocrx_word' id='word_1_200' title='bbox 556 2219 660 2293; x_wconf 83' lang='grc' dir='ltr'>μὲν</span> <span class='ocrx_word' id='word_1_201' title='bbox 689 2215 788 2277; x_wconf 81' lang='grc' dir='ltr'>τόν</span> <span class='ocrx_word' id='word_1_202' title='bbox 820 2221 1065 2277; x_wconf 82' lang='grc' dir='ltr'>σεωυτοῦ</span> <span class='ocrx_word' id='word_1_203' title='bbox 1098 2216 1273 2277; x_wconf 83' lang='grc' dir='ltr'>παῖδα</span> <span class='ocrx_word' id='word_1_204' title='bbox 1303 2215 1644 2294; x_wconf 76' lang='grc' dir='ltr'>ἀπόπεμψον</span> <span class='ocrx_word' id='word_1_205' title='bbox 1677 2241 1833 2293; x_wconf 89' lang='grc' dir='ltr'>παρα</span> <span class='ocrx_word' id='word_1_206' title='bbox 1867 2215 1971 2276; x_wconf 82' lang='grc' dir='ltr'>τόν</span> 
     </span>
     <span class='ocr_line' id='line_1_26' title="bbox 359 2302 1972 2386; baseline 0.002 -22"><span class='ocrx_word' id='word_1_207' title='bbox 359 2305 534 2365; x_wconf 83' lang='grc' dir='ltr'>παῖδα</span> <span class='ocrx_word' id='word_1_208' title='bbox 556 2304 657 2365; x_wconf 82' lang='grc' dir='ltr'>τὸν</span> <span class='ocrx_word' id='word_1_209' title='bbox 680 2304 938 2381; x_wconf 89' lang='grc' dir='ltr'>νεήλυδα,</span> <span class='ocrx_word' id='word_1_210' title='bbox 959 2309 1126 2366; x_wconf 81' lang='grc' dir='ltr'>τοῦτο</span> <span class='ocrx_word' id='word_1_211' title='bbox 1147 2305 1223 2376; x_wconf 77' lang='grc' dir='ltr'>δὲ,</span> <span class='ocrx_word' id='word_1_212' title='bbox 1244 2305 1505 2386; x_wconf 83' lang='grc' dir='ltr'>(σῶστρα</span> <span class='ocrx_word' id='word_1_213' title='bbox 1521 2303 1632 2385; x_wconf 75' lang='grc' dir='ltr'>γὰρ</span> <span class='ocrx_word' id='word_1_214' title='bbox 1652 2308 1753 2364; x_wconf 82' lang='grc' dir='ltr'>τοῦ</span> <span class='ocrx_word' id='word_1_215' title='bbox 1768 2302 1972 2368; x_wconf 80' lang='grc' dir='ltr'>παιδὸς</span> 
     </span>
     <span class='ocr_line' id='line_1_27' title="bbox 358 2389 1972 2471; baseline -0.001 -19"><span class='ocrx_word' id='word_1_216' title='bbox 358 2394 556 2471; x_wconf 88' lang='grc' dir='ltr'>μέλλω</span> <span class='ocrx_word' id='word_1_217' title='bbox 581 2391 731 2453; x_wconf 80' lang='grc' dir='ltr'>θύειν</span> <span class='ocrx_word' id='word_1_218' title='bbox 754 2396 909 2453; x_wconf 83' lang='grc' dir='ltr'>τοῖσι</span> <span class='ocrx_word' id='word_1_219' title='bbox 934 2393 1074 2453; x_wconf 75' lang='grc' dir='ltr'>θεῶν</span> <span class='ocrx_word' id='word_1_220' title='bbox 1098 2391 1234 2469; x_wconf 80' lang='grc' dir='ltr'>τιμὴ</span> <span class='ocrx_word' id='word_1_221' title='bbox 1261 2391 1403 2468; x_wconf 74' lang='grc' dir='ltr'>αὕτη</span> <span class='ocrx_word' id='word_1_222' title='bbox 1426 2389 1807 2470; x_wconf 90' lang='grc' dir='ltr'>προσκέεται,)</span> <span class='ocrx_word' id='word_1_223' title='bbox 1826 2390 1972 2470; x_wconf 88' lang='grc' dir='ltr'>πάρ-</span> 
     </span>
     <span class='ocr_line' id='line_1_28' title="bbox 269 2477 1974 2561; baseline -0.001 -20"><span class='ocrx_word' id='word_1_224' title='bbox 269 2482 382 2541; x_wconf 89' lang='grc'>119</span> <span class='ocrx_word' id='word_1_225' title='bbox 403 2481 528 2541; x_wconf 88' lang='grc' dir='ltr'>ισθί</span> <span class='ocrx_word' id='word_1_226' title='bbox 565 2505 665 2557; x_wconf 86' lang='grc' dir='ltr'>μοι</span> <span class='ocrx_word' id='word_1_227' title='bbox 700 2480 793 2539; x_wconf 87' lang='grc' dir='ltr'>ἐπὶ</span> <span class='ocrx_word' id='word_1_228' title='bbox 838 2478 1113 2540; x_wconf 84' lang='grc' dir='ltr'>δεῖπνον.”</span> <span class='ocrx_word' id='word_1_229' title='bbox 1170 2479 1466 2561; x_wconf 62' lang='grc' dir='ltr'>Ἀρπαγος</span> <span class='ocrx_word' id='word_1_230' title='bbox 1502 2482 1608 2557; x_wconf 79' lang='grc' dir='ltr'>μὲν</span> <span class='ocrx_word' id='word_1_231' title='bbox 1647 2478 1719 2543; x_wconf 78' lang='grc' dir='ltr'>ὦς</span> <span class='ocrx_word' id='word_1_232' title='bbox 1755 2477 1974 2554; x_wconf 86' lang='grc' dir='ltr'>ἤκουσε</span> 
     </span>
     <span class='ocr_line' id='line_1_29' title="bbox 357 2565 1974 2648; baseline -0.001 -19"><span class='ocrx_word' id='word_1_233' title='bbox 357 2572 551 2637; x_wconf 86' lang='grc' dir='ltr'>ταῦτα,</span> <span class='ocrx_word' id='word_1_234' title='bbox 577 2565 993 2643; x_wconf 85' lang='grc' dir='ltr'>προσκυνήσας,</span> <span class='ocrx_word' id='word_1_235' title='bbox 1024 2567 1116 2626; x_wconf 85' lang='grc' dir='ltr'>καὶ</span> <span class='ocrx_word' id='word_1_236' title='bbox 1139 2566 1367 2648; x_wconf 84' lang='grc' dir='ltr'>μεγάλα</span> <span class='ocrx_word' id='word_1_237' title='bbox 1390 2566 1770 2643; x_wconf 87' lang='grc' dir='ltr'>ποιησάμενος</span> <span class='ocrx_word' id='word_1_238' title='bbox 1794 2565 1883 2627; x_wconf 81' lang='grc' dir='ltr'>ὅτι</span> <span class='ocrx_word' id='word_1_239' title='bbox 1905 2593 1974 2628; x_wconf 91' lang='grc' dir='ltr'>τε</span> 
     </span>
     <span class='ocr_line' id='line_1_30' title="bbox 357 2652 1973 2736; baseline 0.002 -23"><span class='ocrx_word' id='word_1_240' title='bbox 357 2653 398 2730; x_wconf 82' lang='grc' dir='ltr'><em>ἤ</em></span> <span class='ocrx_word' id='word_1_241' title='bbox 438 2652 689 2731; x_wconf 86' lang='grc' dir='ltr'>οἶμαρτάς</span> <span class='ocrx_word' id='word_1_242' title='bbox 727 2656 784 2713; x_wconf 79' lang='grc' dir='ltr'>οἱ</span> <span class='ocrx_word' id='word_1_243' title='bbox 823 2658 879 2718; x_wconf 88' lang='grc' dir='ltr'>ἐς</span> <span class='ocrx_word' id='word_1_244' title='bbox 917 2654 1042 2715; x_wconf 86' lang='grc' dir='ltr'>δέον</span> <span class='ocrx_word' id='word_1_245' title='bbox 1082 2654 1333 2736; x_wconf 85' lang='grc' dir='ltr'>ἐγεγόνεε</span> <span class='ocrx_word' id='word_1_246' title='bbox 1375 2656 1468 2715; x_wconf 83' lang='grc' dir='ltr'>καὶ</span> <span class='ocrx_word' id='word_1_247' title='bbox 1506 2654 1595 2716; x_wconf 80' lang='grc' dir='ltr'>ὅτι</span> <span class='ocrx_word' id='word_1_248' title='bbox 1634 2655 1727 2714; x_wconf 86' lang='grc' dir='ltr'>ἐπὶ</span> <span class='ocrx_word' id='word_1_249' title='bbox 1758 2653 1973 2734; x_wconf 81' lang='grc' dir='ltr'>τύχῃσι</span> 
     </span>
     <span class='ocr_line' id='line_1_31' title="bbox 359 2740 1973 2821; baseline 0.001 -20"><span class='ocrx_word' id='word_1_250' title='bbox 359 2746 652 2821; x_wconf 77' lang='grc' dir='ltr'>χρηστῇσι</span> <span class='ocrx_word' id='word_1_251' title='bbox 683 2740 775 2800; x_wconf 87' lang='grc' dir='ltr'>ἐπὶ</span> <span class='ocrx_word' id='word_1_252' title='bbox 813 2741 1035 2802; x_wconf 83' lang='grc' dir='ltr'>δεῖπνον</span> <span class='ocrx_word' id='word_1_253' title='bbox 1071 2743 1328 2819; x_wconf 89' lang='grc' dir='ltr'>κέκλητο,</span> <span class='ocrx_word' id='word_1_254' title='bbox 1361 2741 1450 2818; x_wconf 84' lang='grc' dir='ltr'>ἥῖε</span> <span class='ocrx_word' id='word_1_255' title='bbox 1482 2748 1537 2806; x_wconf 86' lang='grc' dir='ltr'>ἐς</span> <span class='ocrx_word' id='word_1_256' title='bbox 1565 2741 1639 2803; x_wconf 77' lang='grc' dir='ltr'>τοὶ</span> <span class='ocrx_word' id='word_1_257' title='bbox 1666 2742 1832 2802; x_wconf 82' lang='grc' dir='ltr'>οἰκία·</span> <span class='ocrx_word' id='word_1_258' title='bbox 1875 2748 1973 2803; x_wconf 91' lang='grc' dir='ltr'>ἐσ-</span> 
     </span>
     <span class='ocr_line' id='line_1_32' title="bbox 363 2827 1974 2912; baseline 0.004 -24"><span class='ocrx_word' id='word_1_259' title='bbox 363 2827 542 2889; x_wconf 74' lang='grc' dir='ltr'>ελθῶν</span> <span class='ocrx_word' id='word_1_260' title='bbox 579 2829 639 2889; x_wconf 86' lang='grc' dir='ltr'>δὲ</span> <span class='ocrx_word' id='word_1_261' title='bbox 671 2828 777 2904; x_wconf 78' lang='grc' dir='ltr'>τήν</span> <span class='ocrx_word' id='word_1_262' title='bbox 809 2828 1103 2907; x_wconf 87' lang='grc' dir='ltr'>ταχίστην,</span> <span class='ocrx_word' id='word_1_263' title='bbox 1139 2829 1211 2905; x_wconf 83' lang='grc' dir='ltr'>ἦν</span> <span class='ocrx_word' id='word_1_264' title='bbox 1243 2829 1356 2912; x_wconf 85' lang='grc' dir='ltr'>γάρ</span> <span class='ocrx_word' id='word_1_265' title='bbox 1393 2833 1448 2890; x_wconf 83' lang='grc' dir='ltr'>οἱ</span> <span class='ocrx_word' id='word_1_266' title='bbox 1481 2834 1614 2894; x_wconf 83' lang='grc' dir='ltr'>παῖς</span> <span class='ocrx_word' id='word_1_267' title='bbox 1651 2830 1728 2894; x_wconf 82' lang='grc' dir='ltr'>εἷς</span> <span class='ocrx_word' id='word_1_268' title='bbox 1762 2834 1974 2907; x_wconf 79' lang='grc' dir='ltr'>μοῦνος</span> 
     </span>
     <span class='ocr_line' id='line_1_33' title="bbox 363 2917 1973 2999; baseline 0 -22"><span class='ocrx_word' id='word_1_269' title='bbox 363 2918 488 2977; x_wconf 82' lang='grc' dir='ltr'>ἔτεα</span> <span class='ocrx_word' id='word_1_270' title='bbox 515 2917 646 2994; x_wconf 87' lang='grc' dir='ltr'>τρία</span> <span class='ocrx_word' id='word_1_271' title='bbox 679 2918 772 2976; x_wconf 86' lang='grc' dir='ltr'>καὶ</span> <span class='ocrx_word' id='word_1_272' title='bbox 804 2917 937 2976; x_wconf 90' lang='grc' dir='ltr'>δέκα</span> <span class='ocrx_word' id='word_1_273' title='bbox 969 2943 1070 2978; x_wconf 91' lang='grc' dir='ltr'>κου</span> <span class='ocrx_word' id='word_1_274' title='bbox 1094 2917 1352 2995; x_wconf 86' lang='grc' dir='ltr'>μάλιστα</span> <span class='ocrx_word' id='word_1_275' title='bbox 1375 2918 1632 2999; x_wconf 69' lang='grc' dir='ltr'>γεγονὼς,</span> <span class='ocrx_word' id='word_1_276' title='bbox 1657 2922 1857 2978; x_wconf 85' lang='grc' dir='ltr'>τοῦτον</span> <span class='ocrx_word' id='word_1_277' title='bbox 1885 2923 1973 2977; x_wconf 79' lang='grc' dir='ltr'>ἐκ·</span> 
     </span>
     <span class='ocr_line' id='line_1_34' title="bbox 359 3003 1972 3087; baseline 0 -22"><span class='ocrx_word' id='word_1_278' title='bbox 359 3006 585 3082; x_wconf 88' lang='grc' dir='ltr'>πέμπει,</span> <span class='ocrx_word' id='word_1_279' title='bbox 615 3005 752 3064; x_wconf 80' lang='grc' dir='ltr'>ἰέναι</span> <span class='ocrx_word' id='word_1_280' title='bbox 775 3030 839 3064; x_wconf 93' lang='grc' dir='ltr'>τε</span> <span class='ocrx_word' id='word_1_281' title='bbox 865 3003 1103 3066; x_wconf 79' lang='grc' dir='ltr'>κελεύων</span> <span class='ocrx_word' id='word_1_282' title='bbox 1136 3010 1191 3069; x_wconf 92' lang='grc' dir='ltr'>ἐς</span> <span class='ocrx_word' id='word_1_283' title='bbox 1214 3003 1560 3087; x_wconf 84' lang='grc' dir='ltr'>Ἀστυάγεος</span> <span class='ocrx_word' id='word_1_284' title='bbox 1585 3006 1678 3064; x_wconf 83' lang='grc' dir='ltr'>καὶ</span> <span class='ocrx_word' id='word_1_285' title='bbox 1701 3005 1913 3065; x_wconf 89' lang='grc' dir='ltr'>ποιέειν</span> <span class='ocrx_word' id='word_1_286' title='bbox 1938 3005 1972 3065; x_wconf 83' lang='grc' dir='ltr'><strong>ὅ</strong></span> 
     </span>
     <span class='ocr_line' id='line_1_35' title="bbox 358 3090 1974 3171; baseline -0.002 -17"><span class='ocrx_word' id='word_1_287' title='bbox 358 3118 416 3154; x_wconf 89' lang='grc' dir='ltr'>τι</span> <span class='ocrx_word' id='word_1_288' title='bbox 441 3092 510 3153; x_wconf 79' lang='grc' dir='ltr'>ἂν</span> <span class='ocrx_word' id='word_1_289' title='bbox 536 3097 738 3155; x_wconf 83' lang='grc' dir='ltr'>ἐκεῖνος</span> <span class='ocrx_word' id='word_1_290' title='bbox 764 3091 982 3170; x_wconf 87' lang='grc' dir='ltr'>κελεύῃ·</span> <span class='ocrx_word' id='word_1_291' title='bbox 1009 3091 1177 3155; x_wconf 80' lang='grc' dir='ltr'>αύτός</span> <span class='ocrx_word' id='word_1_292' title='bbox 1201 3093 1262 3152; x_wconf 79' lang='grc' dir='ltr'>δὲ</span> <span class='ocrx_word' id='word_1_293' title='bbox 1287 3091 1593 3171; x_wconf 81' lang='grc' dir='ltr'>περιχαρὴς</span> <span class='ocrx_word' id='word_1_294' title='bbox 1620 3092 1737 3162; x_wconf 78' lang='grc' dir='ltr'>ἐῶν,</span> <span class='ocrx_word' id='word_1_295' title='bbox 1766 3090 1974 3168; x_wconf 84' lang='grc' dir='ltr'>φράζει</span> 
     </span>
     <span class='ocr_line' id='line_1_36' title="bbox 359 3177 1975 3260; baseline -0.001 -21"><span class='ocrx_word' id='word_1_296' title='bbox 359 3184 433 3258; x_wconf 80' lang='grc' dir='ltr'>τῇ</span> <span class='ocrx_word' id='word_1_297' title='bbox 460 3181 678 3259; x_wconf 82' lang='grc' dir='ltr'>γυναικὶ</span> <span class='ocrx_word' id='word_1_298' title='bbox 707 3178 779 3240; x_wconf 74' lang='grc' dir='ltr'>τὰ</span> <span class='ocrx_word' id='word_1_299' title='bbox 811 3179 1264 3259; x_wconf 78' lang='grc' dir='ltr'>συγκυρήσαντα.</span> <span class='ocrx_word' id='word_1_300' title='bbox 1343 3177 1665 3260; x_wconf 87' lang='grc' dir='ltr'>Ἀστυάγης</span> <span class='ocrx_word' id='word_1_301' title='bbox 1701 3179 1777 3248; x_wconf 82' lang='grc' dir='ltr'>δὲ,</span> <span class='ocrx_word' id='word_1_302' title='bbox 1812 3177 1885 3241; x_wconf 78' lang='grc' dir='ltr'>ὥς</span> <span class='ocrx_word' id='word_1_303' title='bbox 1916 3182 1975 3238; x_wconf 79' lang='grc' dir='ltr'>οἳ</span> 
     </span>
     <span class='ocr_line' id='line_1_37' title="bbox 362 3264 1971 3347; baseline -0.001 -20"><span class='ocrx_word' id='word_1_304' title='bbox 362 3266 593 3328; x_wconf 68' lang='grc' dir='ltr'>ἀπίκετο</span> <span class='ocrx_word' id='word_1_305' title='bbox 632 3267 665 3328; x_wconf 82' lang='lat'>6</span> <span class='ocrx_word' id='word_1_306' title='bbox 703 3265 993 3347; x_wconf 79' lang='grc' dir='ltr'>Ἀρπάγου</span> <span class='ocrx_word' id='word_1_307' title='bbox 1032 3270 1182 3337; x_wconf 85' lang='grc' dir='ltr'>παῖς,</span> <span class='ocrx_word' id='word_1_308' title='bbox 1224 3264 1450 3341; x_wconf 75' lang='grc' dir='ltr'>σφάξας</span> <span class='ocrx_word' id='word_1_309' title='bbox 1491 3265 1659 3327; x_wconf 75' lang='grc' dir='ltr'>αὐτᾶν</span> <span class='ocrx_word' id='word_1_310' title='bbox 1699 3265 1792 3326; x_wconf 85' lang='grc' dir='ltr'>καὶ</span> <span class='ocrx_word' id='word_1_311' title='bbox 1826 3266 1971 3326; x_wconf 74' lang='grc' dir='ltr'>κατὰ</span> 
     </span>
    </p>
   </div>
  </div>
 </body>
</html>
