<?xml version="1.0" encoding="UTF-8"?>
<!DOCTYPE html PUBLIC "-//W3C//DTD XHTML 1.0 Transitional//EN"
    "http://www.w3.org/TR/xhtml1/DTD/xhtml1-transitional.dtd">
<html xmlns="http://www.w3.org/1999/xhtml" xml:lang="en" lang="en">
 <head>
  <title>
</title>
<meta http-equiv="Content-Type" content="text/html;charset=utf-8" />
  <meta name='ocr-system' content='tesseract 3.04.00' />
  <meta name='ocr-capabilities' content='ocr_page ocr_carea ocr_par ocr_line ocrx_word'/>
</head>
<body>
  <div class='ocr_page' id='page_1' title='image "./herodotus02unkngoog_0116.png"; bbox 0 0 2184 3517; ppageno 0'>
   <div class='ocr_carea' id='block_1_1' title="bbox 274 125 1993 3361">
    <p class='ocr_par' dir='ltr' id='par_1_1' title="bbox 374 125 1990 547">
     <span class='ocr_line' id='line_1_1' title="bbox 381 125 1982 190; baseline 0.001 -15"><span class='ocrx_word' id='word_1_1' title='bbox 381 130 480 176; x_wconf 87' lang='lat'>100</span> <span class='ocrx_word' id='word_1_2' title='bbox 996 125 1369 177; x_wconf 71' lang='grc' dir='ltr'>ἪΡοΔοτοί·</span> <span class='ocrx_word' id='word_1_3' title='bbox 1910 125 1982 190; x_wconf 86' lang='lat'>[1.</span> 
     </span>
     <span class='ocr_line' id='line_1_2' title="bbox 376 201 1989 285; baseline 0 -19"><span class='ocrx_word' id='word_1_4' title='bbox 376 205 583 285; x_wconf 87' lang='grc' dir='ltr'>χρόνον</span> <span class='ocrx_word' id='word_1_5' title='bbox 605 203 831 265; x_wconf 70' lang='grc' dir='ltr'>πολλᾶν</span> <span class='ocrx_word' id='word_1_6' title='bbox 854 204 1242 281; x_wconf 79' lang='grc' dir='ltr'>προσμένουσι</span> <span class='ocrx_word' id='word_1_7' title='bbox 1269 202 1334 262; x_wconf 80' lang='grc' dir='ltr'>οὗ</span> <span class='ocrx_word' id='word_1_8' title='bbox 1363 202 1661 280; x_wconf 81' lang='grc' dir='ltr'>δυνάμεναι</span> <span class='ocrx_word' id='word_1_9' title='bbox 1683 201 1786 264; x_wconf 80' lang='grc' dir='ltr'>τὸν</span> <span class='ocrx_word' id='word_1_10' title='bbox 1810 204 1989 281; x_wconf 85' lang='grc' dir='ltr'>νόμον</span> 
     </span>
     <span class='ocr_line' id='line_1_3' title="bbox 378 291 1990 374; baseline -0.001 -21"><span class='ocrx_word' id='word_1_11' title='bbox 378 296 680 369; x_wconf 85' lang='grc' dir='ltr'>ἐκπλῆσαι·</span> <span class='ocrx_word' id='word_1_12' title='bbox 722 292 813 351; x_wconf 83' lang='grc' dir='ltr'>καὶ</span> <span class='ocrx_word' id='word_1_13' title='bbox 838 292 949 374; x_wconf 82' lang='grc' dir='ltr'>γοὶρ</span> <span class='ocrx_word' id='word_1_14' title='bbox 968 291 1186 371; x_wconf 82' lang='grc' dir='ltr'>τριέτεα</span> <span class='ocrx_word' id='word_1_15' title='bbox 1207 291 1299 350; x_wconf 83' lang='grc' dir='ltr'>καὶ</span> <span class='ocrx_word' id='word_1_16' title='bbox 1317 291 1612 368; x_wconf 80' lang='grc' dir='ltr'>τετραέτεα</span> <span class='ocrx_word' id='word_1_17' title='bbox 1636 291 1990 369; x_wconf 77' lang='grc' dir='ltr'>μετεξέτεραι</span> 
     </span>
     <span class='ocr_line' id='line_1_4' title="bbox 374 377 1988 460; baseline 0 -20"><span class='ocrx_word' id='word_1_18' title='bbox 374 380 579 460; x_wconf 88' lang='grc' dir='ltr'>χρόνον</span> <span class='ocrx_word' id='word_1_19' title='bbox 617 380 871 457; x_wconf 91' lang='grc' dir='ltr'>μένουσι.</span> <span class='ocrx_word' id='word_1_20' title='bbox 954 383 1149 457; x_wconf 85' lang='grc' dir='ltr'>ἐνιαχῆ</span> <span class='ocrx_word' id='word_1_21' title='bbox 1192 378 1253 438; x_wconf 68' lang='grc' dir='ltr'>δὲ</span> <span class='ocrx_word' id='word_1_22' title='bbox 1294 379 1388 437; x_wconf 85' lang='grc' dir='ltr'>καὶ</span> <span class='ocrx_word' id='word_1_23' title='bbox 1430 382 1535 454; x_wconf 85' lang='grc' dir='ltr'>τῆς</span> <span class='ocrx_word' id='word_1_24' title='bbox 1579 377 1815 455; x_wconf 85' lang='grc' dir='ltr'>Κύπρου</span> <span class='ocrx_word' id='word_1_25' title='bbox 1858 380 1988 440; x_wconf 78' lang='grc' dir='ltr'>ἐστὶ</span> 
     </span>
     <span class='ocr_line' id='line_1_5' title="bbox 375 465 1192 547; baseline -0.004 -19"><span class='ocrx_word' id='word_1_26' title='bbox 375 467 774 546; x_wconf 89' lang='grc' dir='ltr'>παραπλήσιος</span> <span class='ocrx_word' id='word_1_27' title='bbox 798 465 974 547; x_wconf 86' lang='grc' dir='ltr'>τούτῳ</span> <span class='ocrx_word' id='word_1_28' title='bbox 1001 466 1192 543; x_wconf 88' lang='grc' dir='ltr'>νόμος.</span> 
     </span>
    </p>

    <p class='ocr_par' dir='ltr' id='par_1_2' title="bbox 282 551 1987 1164">
     <span class='ocr_line' id='line_1_6' title="bbox 282 551 1986 633; baseline -0.002 -16"><span class='ocrx_word' id='word_1_29' title='bbox 282 560 399 617; x_wconf 85' lang='grc'>200</span> <span class='ocrx_word' id='word_1_30' title='bbox 467 556 655 633; x_wconf 83' lang='grc' dir='ltr'>Νόμοι</span> <span class='ocrx_word' id='word_1_31' title='bbox 699 559 804 633; x_wconf 85' lang='grc' dir='ltr'>μὲν</span> <span class='ocrx_word' id='word_1_32' title='bbox 850 554 918 630; x_wconf 79' lang='grc' dir='ltr'>δή</span> <span class='ocrx_word' id='word_1_33' title='bbox 963 558 1120 615; x_wconf 84' lang='grc' dir='ltr'>τοῖσι</span> <span class='ocrx_word' id='word_1_34' title='bbox 1165 553 1588 630; x_wconf 82' lang='grc' dir='ltr'>Βαβυλωνίοισι</span> <span class='ocrx_word' id='word_1_35' title='bbox 1634 551 1788 614; x_wconf 79' lang='grc' dir='ltr'>οὗτοι</span> <span class='ocrx_word' id='word_1_36' title='bbox 1825 579 1986 615; x_wconf 92' lang='grc' dir='ltr'>κατε-</span> 
     </span>
     <span class='ocr_line' id='line_1_7' title="bbox 379 640 1987 719; baseline -0.001 -15"><span class='ocrx_word' id='word_1_37' title='bbox 379 645 600 705; x_wconf 83' lang='grc' dir='ltr'>στέασι.</span> <span class='ocrx_word' id='word_1_38' title='bbox 685 643 797 703; x_wconf 83' lang='grc' dir='ltr'>εἶσὶ</span> <span class='ocrx_word' id='word_1_39' title='bbox 823 642 883 703; x_wconf 84' lang='grc' dir='ltr'>δὲ</span> <span class='ocrx_word' id='word_1_40' title='bbox 910 641 1090 702; x_wconf 82' lang='grc' dir='ltr'>αύτῶν</span> <span class='ocrx_word' id='word_1_41' title='bbox 1117 642 1346 719; x_wconf 87' lang='grc' dir='ltr'>πατριαὶ</span> <span class='ocrx_word' id='word_1_42' title='bbox 1371 645 1535 719; x_wconf 82' lang='grc' dir='ltr'>τρεῖς,</span> <span class='ocrx_word' id='word_1_43' title='bbox 1564 641 1624 700; x_wconf 78' lang='grc' dir='ltr'>αἳ</span> <span class='ocrx_word' id='word_1_44' title='bbox 1649 641 1807 702; x_wconf 79' lang='grc' dir='ltr'>οὐδὲν</span> <span class='ocrx_word' id='word_1_45' title='bbox 1831 640 1987 702; x_wconf 76' lang='grc' dir='ltr'>ἄλλο</span> 
     </span>
     <span class='ocr_line' id='line_1_8' title="bbox 376 728 1986 809; baseline -0.002 -16"><span class='ocrx_word' id='word_1_46' title='bbox 376 732 654 793; x_wconf 88' lang='grc' dir='ltr'>σιτέονται</span> <span class='ocrx_word' id='word_1_47' title='bbox 680 735 727 790; x_wconf 84' lang='grc' dir='ltr'>εἰ</span> <span class='ocrx_word' id='word_1_48' title='bbox 751 729 832 808; x_wconf 83' lang='grc' dir='ltr'>μὴ</span> <span class='ocrx_word' id='word_1_49' title='bbox 861 730 1017 809; x_wconf 81' lang='grc' dir='ltr'>ἰχθῦς</span> <span class='ocrx_word' id='word_1_50' title='bbox 1041 732 1269 807; x_wconf 88' lang='grc' dir='ltr'>μοῦνον·</span> <span class='ocrx_word' id='word_1_51' title='bbox 1306 729 1437 793; x_wconf 78' lang='grc' dir='ltr'>τοῦς</span> <span class='ocrx_word' id='word_1_52' title='bbox 1463 729 1588 789; x_wconf 91' lang='grc' dir='ltr'>ἐπεί</span> <span class='ocrx_word' id='word_1_53' title='bbox 1606 755 1670 790; x_wconf 94' lang='grc' dir='ltr'>τε</span> <span class='ocrx_word' id='word_1_54' title='bbox 1695 728 1763 790; x_wconf 83' lang='grc' dir='ltr'>ἂν</span> <span class='ocrx_word' id='word_1_55' title='bbox 1791 729 1986 807; x_wconf 82' lang='grc' dir='ltr'>θηρεύ-</span> 
     </span>
     <span class='ocr_line' id='line_1_9' title="bbox 374 816 1986 898; baseline -0.002 -18"><span class='ocrx_word' id='word_1_56' title='bbox 374 846 574 884; x_wconf 82' lang='grc' dir='ltr'>σαντες</span> <span class='ocrx_word' id='word_1_57' title='bbox 612 817 860 898; x_wconf 81' lang='grc' dir='ltr'>αὗῄνωσι</span> <span class='ocrx_word' id='word_1_58' title='bbox 899 844 1040 895; x_wconf 87' lang='grc' dir='ltr'>προς</span> <span class='ocrx_word' id='word_1_59' title='bbox 1080 816 1261 893; x_wconf 86' lang='grc' dir='ltr'>ἥλιον,</span> <span class='ocrx_word' id='word_1_60' title='bbox 1296 821 1522 878; x_wconf 82' lang='grc' dir='ltr'>ποιεῦσι</span> <span class='ocrx_word' id='word_1_61' title='bbox 1564 817 1715 877; x_wconf 79' lang='grc' dir='ltr'>τάδε·</span> <span class='ocrx_word' id='word_1_62' title='bbox 1764 816 1986 893; x_wconf 77' lang='grc' dir='ltr'>ἐσβάλ-</span> 
     </span>
     <span class='ocr_line' id='line_1_10' title="bbox 372 904 1986 985; baseline -0.002 -17"><span class='ocrx_word' id='word_1_63' title='bbox 372 912 544 968; x_wconf 88' lang='grc' dir='ltr'>λουσι</span> <span class='ocrx_word' id='word_1_64' title='bbox 584 911 641 972; x_wconf 81' lang='grc' dir='ltr'>ἐς</span> <span class='ocrx_word' id='word_1_65' title='bbox 682 905 876 984; x_wconf 83' lang='grc' dir='ltr'>ὅλμον,</span> <span class='ocrx_word' id='word_1_66' title='bbox 927 906 1019 965; x_wconf 83' lang='grc' dir='ltr'>καὶ</span> <span class='ocrx_word' id='word_1_67' title='bbox 1060 904 1359 985; x_wconf 82' lang='grc' dir='ltr'>λεῄναντες</span> <span class='ocrx_word' id='word_1_68' title='bbox 1397 904 1658 982; x_wconf 88' lang='grc' dir='ltr'>υπέροισι</span> <span class='ocrx_word' id='word_1_69' title='bbox 1699 908 1852 965; x_wconf 79' lang='grc' dir='ltr'>σῶσι</span> <span class='ocrx_word' id='word_1_70' title='bbox 1890 905 1986 968; x_wconf 87' lang='grc' dir='ltr'>δια</span> 
     </span>
     <span class='ocr_line' id='line_1_11' title="bbox 373 988 1985 1071; baseline -0.002 -14"><span class='ocrx_word' id='word_1_71' title='bbox 373 995 643 1060; x_wconf 79' lang='grc' dir='ltr'>σινδόνος·</span> <span class='ocrx_word' id='word_1_72' title='bbox 686 995 778 1054; x_wconf 88' lang='grc' dir='ltr'>καὶ</span> <span class='ocrx_word' id='word_1_73' title='bbox 811 1020 874 1058; x_wconf 91' lang='grc' dir='ltr'>ος</span> <span class='ocrx_word' id='word_1_74' title='bbox 908 995 1013 1071; x_wconf 78' lang='grc' dir='ltr'>μὲν</span> <span class='ocrx_word' id='word_1_75' title='bbox 1038 992 1109 1054; x_wconf 82' lang='grc' dir='ltr'>ἂν</span> <span class='ocrx_word' id='word_1_76' title='bbox 1147 988 1432 1070; x_wconf 85' lang='grc' dir='ltr'>βούληται</span> <span class='ocrx_word' id='word_1_77' title='bbox 1459 990 1638 1052; x_wconf 74' lang='grc' dir='ltr'>αὐτῶν</span> <span class='ocrx_word' id='word_1_78' title='bbox 1662 990 1761 1052; x_wconf 81' lang='grc' dir='ltr'>ἅτε</span> <span class='ocrx_word' id='word_1_79' title='bbox 1798 991 1985 1069; x_wconf 80' lang='grc' dir='ltr'>μάζαν</span> 
     </span>
     <span class='ocr_line' id='line_1_12' title="bbox 371 1078 1719 1191; baseline -0.001 -46"><span class='ocrx_word' id='word_1_80' title='bbox 371 1084 740 1170; x_wconf 53' lang='lat' dir='ltr'>&#39;Lugdu-evoe*</span> <span class='ocrx_word' id='word_1_81' title='bbox 712 1108 842 1163; x_wconf 86' lang='grc' dir='ltr'>εχει,</span> <span class='ocrx_word' id='word_1_82' title='bbox 870 1081 902 1142; x_wconf 83' lang='grc' dir='ltr'>ὁ</span> <span class='ocrx_word' id='word_1_83' title='bbox 930 1080 1052 1142; x_wconf 65' lang='grc' dir='ltr'>δὲ’</span> <span class='ocrx_word' id='word_1_84' title='bbox 1015 1106 1209 1191; x_wconf 50' lang='grc' dir='ltr'>αρτουΑ</span> <span class='ocrx_word' id='word_1_85' title='bbox 1209 1080 1421 1158; x_wconf 86' lang='grc' dir='ltr'>τρόπον</span> <span class='ocrx_word' id='word_1_86' title='bbox 1446 1078 1719 1156; x_wconf 76' lang='grc' dir='ltr'>ὀπτήσας.</span> 
     </span>
    </p>

    <p class='ocr_par' dir='ltr' id='par_1_3' title="bbox 278 1169 1981 1690">
     <span class='ocr_line' id='line_1_13' title="bbox 278 1169 1981 1251; baseline -0.001 -18"><span class='ocrx_word' id='word_1_87' title='bbox 278 1176 390 1233; x_wconf 88' lang='grc'>201</span> <span class='ocrx_word' id='word_1_88' title='bbox 452 1172 551 1236; x_wconf 86' lang='grc' dir='ltr'>Ὡς</span> <span class='ocrx_word' id='word_1_89' title='bbox 575 1173 635 1232; x_wconf 83' lang='grc' dir='ltr'>δὲ</span> <span class='ocrx_word' id='word_1_90' title='bbox 660 1175 737 1251; x_wconf 76' lang='grc' dir='ltr'>τῷ</span> <span class='ocrx_word' id='word_1_91' title='bbox 773 1170 941 1250; x_wconf 91' lang='grc' dir='ltr'>Κύρῳ</span> <span class='ocrx_word' id='word_1_92' title='bbox 982 1169 1075 1229; x_wconf 87' lang='grc' dir='ltr'>καὶ</span> <span class='ocrx_word' id='word_1_93' title='bbox 1108 1172 1276 1230; x_wconf 87' lang='grc' dir='ltr'>τοῦτο</span> <span class='ocrx_word' id='word_1_94' title='bbox 1301 1195 1368 1230; x_wconf 89' lang='grc' dir='ltr'>το</span> <span class='ocrx_word' id='word_1_95' title='bbox 1412 1169 1566 1232; x_wconf 84' lang='grc' dir='ltr'>ἔθνος</span> <span class='ocrx_word' id='word_1_96' title='bbox 1608 1169 1981 1250; x_wconf 84' lang='grc' dir='ltr'>κατέργαστο,</span> 
     </span>
     <span class='ocr_line' id='line_1_14' title="bbox 372 1255 1981 1339; baseline 0 -19"><span class='ocrx_word' id='word_1_97' title='bbox 372 1259 691 1338; x_wconf 78' lang='grc' dir='ltr'>ἐπεθύμησε</span> <span class='ocrx_word' id='word_1_98' title='bbox 716 1259 1109 1339; x_wconf 87' lang='grc' dir='ltr'>Μασσαγέτας</span> <span class='ocrx_word' id='word_1_99' title='bbox 1133 1256 1227 1317; x_wconf 73' lang='grc' dir='ltr'>ὕπ’</span> <span class='ocrx_word' id='word_1_100' title='bbox 1254 1260 1432 1335; x_wconf 77' lang='grc' dir='ltr'>ἑωυτῷ</span> <span class='ocrx_word' id='word_1_101' title='bbox 1456 1255 1981 1332; x_wconf 83' lang='grc' dir='ltr'>ποιήσασθαι.τό</span> 
     </span>
     <span class='ocr_line' id='line_1_15' title="bbox 372 1344 1980 1427; baseline 0 -19"><span class='ocrx_word' id='word_1_102' title='bbox 372 1349 433 1408; x_wconf 81' lang='grc' dir='ltr'>δὲ</span> <span class='ocrx_word' id='word_1_103' title='bbox 457 1350 610 1411; x_wconf 82' lang='grc' dir='ltr'>ἔθνος</span> <span class='ocrx_word' id='word_1_104' title='bbox 628 1350 797 1407; x_wconf 87' lang='grc' dir='ltr'>τοῦτο</span> <span class='ocrx_word' id='word_1_105' title='bbox 818 1345 910 1405; x_wconf 86' lang='grc' dir='ltr'>καὶ</span> <span class='ocrx_word' id='word_1_106' title='bbox 925 1346 1074 1426; x_wconf 86' lang='grc' dir='ltr'>μέγα</span> <span class='ocrx_word' id='word_1_107' title='bbox 1092 1345 1322 1427; x_wconf 85' lang='grc' dir='ltr'>λέγεται</span> <span class='ocrx_word' id='word_1_108' title='bbox 1348 1344 1488 1405; x_wconf 79' lang='grc' dir='ltr'>εἶναι</span> <span class='ocrx_word' id='word_1_109' title='bbox 1514 1345 1606 1404; x_wconf 85' lang='grc' dir='ltr'>καὶ</span> <span class='ocrx_word' id='word_1_110' title='bbox 1625 1345 1881 1423; x_wconf 75' lang='grc' dir='ltr'>ἄλκιμον,</span> <span class='ocrx_word' id='word_1_111' title='bbox 1901 1351 1980 1407; x_wconf 83' lang='grc' dir='ltr'>οἷ-</span> 
     </span>
     <span class='ocr_line' id='line_1_16' title="bbox 371 1431 1981 1513; baseline -0.002 -17"><span class='ocrx_word' id='word_1_112' title='bbox 371 1436 607 1513; x_wconf 89' lang='grc' dir='ltr'>κημένον</span> <span class='ocrx_word' id='word_1_113' title='bbox 633 1435 696 1495; x_wconf 82' lang='grc' dir='ltr'>δὲ</span> <span class='ocrx_word' id='word_1_114' title='bbox 719 1431 859 1511; x_wconf 79' lang='grc' dir='ltr'>πρὸς</span> <span class='ocrx_word' id='word_1_115' title='bbox 883 1432 966 1509; x_wconf 80' lang='grc' dir='ltr'><strong><em>ἦῶ</em></strong></span> <span class='ocrx_word' id='word_1_116' title='bbox 986 1458 1050 1493; x_wconf 89' lang='grc' dir='ltr'>τε</span> <span class='ocrx_word' id='word_1_117' title='bbox 1073 1433 1168 1493; x_wconf 82' lang='grc' dir='ltr'>κάὶ</span> <span class='ocrx_word' id='word_1_118' title='bbox 1193 1431 1361 1509; x_wconf 83' lang='grc' dir='ltr'>ἡλίου</span> <span class='ocrx_word' id='word_1_119' title='bbox 1381 1431 1657 1497; x_wconf 80' lang='grc' dir='ltr'>οἷνατολοὶς</span> <span class='ocrx_word' id='word_1_120' title='bbox 1681 1434 1857 1511; x_wconf 88' lang='grc' dir='ltr'>πέρην</span> <span class='ocrx_word' id='word_1_121' title='bbox 1874 1436 1981 1496; x_wconf 76' lang='grc' dir='ltr'>τοῦ</span> 
     </span>
     <span class='ocr_line' id='line_1_17' title="bbox 368 1519 1981 1603; baseline -0.001 -18"><span class='ocrx_word' id='word_1_122' title='bbox 368 1522 613 1601; x_wconf 77' lang='grc' dir='ltr'>Ἀράξεω</span> <span class='ocrx_word' id='word_1_123' title='bbox 638 1525 911 1599; x_wconf 85' lang='grc' dir='ltr'>ποταμοῦ,</span> <span class='ocrx_word' id='word_1_124' title='bbox 941 1519 1132 1582; x_wconf 77' lang='grc' dir='ltr'>ἀντίον</span> <span class='ocrx_word' id='word_1_125' title='bbox 1159 1520 1218 1581; x_wconf 82' lang='grc' dir='ltr'>δὲ</span> <span class='ocrx_word' id='word_1_126' title='bbox 1236 1519 1578 1596; x_wconf 83' lang='grc' dir='ltr'>Ἰσσηδόνων</span> <span class='ocrx_word' id='word_1_127' title='bbox 1603 1520 1833 1603; x_wconf 52' lang='grc' dir='ltr'>ἀνδρῶν</span> <span class='ocrx_word' id='word_1_128' title='bbox 1864 1524 1981 1584; x_wconf 79' lang='grc' dir='ltr'>εἰσὶ</span> 
     </span>
     <span class='ocr_line' id='line_1_18' title="bbox 367 1606 1977 1690; baseline 0.001 -18"><span class='ocrx_word' id='word_1_129' title='bbox 367 1611 428 1672; x_wconf 78' lang='grc' dir='ltr'>δὲ</span> <span class='ocrx_word' id='word_1_130' title='bbox 454 1611 673 1674; x_wconf 80' lang='grc' dir='ltr'>οἵτινες</span> <span class='ocrx_word' id='word_1_131' title='bbox 695 1609 786 1669; x_wconf 85' lang='grc' dir='ltr'>καὶ</span> <span class='ocrx_word' id='word_1_132' title='bbox 808 1606 1077 1675; x_wconf 81' lang='grc' dir='ltr'>Σκυθικόν</span> <span class='ocrx_word' id='word_1_133' title='bbox 1094 1609 1333 1690; x_wconf 88' lang='grc' dir='ltr'>λέγουσι</span> <span class='ocrx_word' id='word_1_134' title='bbox 1356 1607 1614 1670; x_wconf 84' lang='grc' dir='ltr'>τοῦτο.τὸ</span> <span class='ocrx_word' id='word_1_135' title='bbox 1643 1610 1797 1674; x_wconf 83' lang='grc' dir='ltr'>ἔθνος</span> <span class='ocrx_word' id='word_1_136' title='bbox 1814 1609 1977 1673; x_wconf 81' lang='grc' dir='ltr'>εἶναι.</span> 
     </span>
    </p>

    <p class='ocr_par' dir='ltr' id='par_1_4' title="bbox 274 1697 1993 3361">
     <span class='ocr_line' id='line_1_19' title="bbox 274 1697 1979 1778; baseline 0 -16"><span class='ocrx_word' id='word_1_137' title='bbox 274 1703 417 1762; x_wconf 79' lang='grc'>202’</span> <span class='ocrx_word' id='word_1_138' title='bbox 443 1698 517 1759; x_wconf 79' lang='lat' dir='ltr'>.&#39;O</span> <span class='ocrx_word' id='word_1_139' title='bbox 564 1699 625 1759; x_wconf 84' lang='grc' dir='ltr'>δὲ</span> <span class='ocrx_word' id='word_1_140' title='bbox 668 1697 909 1776; x_wconf 75' lang='grc' dir='ltr'>Ἀράξης</span> <span class='ocrx_word' id='word_1_141' title='bbox 953 1697 1181 1778; x_wconf 89' lang='grc' dir='ltr'>λέγεται</span> <span class='ocrx_word' id='word_1_142' title='bbox 1221 1697 1313 1756; x_wconf 83' lang='grc' dir='ltr'>καὶ</span> <span class='ocrx_word' id='word_1_143' title='bbox 1357 1697 1536 1774; x_wconf 85' lang='grc' dir='ltr'>μέζων</span> <span class='ocrx_word' id='word_1_144' title='bbox 1578 1697 1669 1757; x_wconf 85' lang='grc' dir='ltr'>καὶ</span> <span class='ocrx_word' id='word_1_145' title='bbox 1709 1697 1979 1763; x_wconf 75' lang='grc' dir='ltr'>ἐλάσσων</span> 
     </span>
     <span class='ocr_line' id='line_1_20' title="bbox 368 1784 1979 1867; baseline 0.001 -19"><span class='ocrx_word' id='word_1_146' title='bbox 368 1787 506 1849; x_wconf 82' lang='grc' dir='ltr'>εἶναι</span> <span class='ocrx_word' id='word_1_147' title='bbox 530 1790 631 1848; x_wconf 87' lang='grc' dir='ltr'>τοῦ</span> <span class='ocrx_word' id='word_1_148' title='bbox 646 1784 897 1864; x_wconf 87' lang='grc' dir='ltr'>Ἴστρου·</span> <span class='ocrx_word' id='word_1_149' title='bbox 935 1785 1142 1861; x_wconf 87' lang='grc' dir='ltr'>νήσους</span> <span class='ocrx_word' id='word_1_150' title='bbox 1167 1784 1215 1845; x_wconf 85' lang='grc' dir='ltr'>δ’</span> <span class='ocrx_word' id='word_1_151' title='bbox 1242 1790 1301 1845; x_wconf 85' lang='grc' dir='ltr'>ἐν</span> <span class='ocrx_word' id='word_1_152' title='bbox 1321 1784 1468 1863; x_wconf 75' lang='grc' dir='ltr'>αὐτῷ</span> <span class='ocrx_word' id='word_1_153' title='bbox 1484 1786 1699 1866; x_wconf 80' lang='grc' dir='ltr'>Λέσβῳ</span> <span class='ocrx_word' id='word_1_154' title='bbox 1722 1786 1979 1867; x_wconf 75' lang='grc' dir='ltr'>μεγάθεα</span> 
     </span>
     <span class='ocr_line' id='line_1_21' title="bbox 365 1872 1975 1954; baseline 0.002 -20"><span class='ocrx_word' id='word_1_155' title='bbox 365 1874 767 1953; x_wconf 88' lang='grc' dir='ltr'>παραπλησίας</span> <span class='ocrx_word' id='word_1_156' title='bbox 809 1873 1020 1953; x_wconf 81' lang='grc' dir='ltr'>συχνάς</span> <span class='ocrx_word' id='word_1_157' title='bbox 1063 1879 1214 1949; x_wconf 89' lang='grc' dir='ltr'>φασι</span> <span class='ocrx_word' id='word_1_158' title='bbox 1251 1872 1406 1944; x_wconf 79' lang='grc' dir='ltr'>εἶναι,</span> <span class='ocrx_word' id='word_1_159' title='bbox 1437 1878 1495 1933; x_wconf 90' lang='grc' dir='ltr'>ἐν</span> <span class='ocrx_word' id='word_1_160' title='bbox 1538 1874 1599 1933; x_wconf 83' lang='grc' dir='ltr'>δὲ</span> <span class='ocrx_word' id='word_1_161' title='bbox 1634 1874 1841 1954; x_wconf 72' lang='grc' dir='ltr'>αὐτῇσι</span> <span class='ocrx_word' id='word_1_162' title='bbox 1878 1875 1975 1938; x_wconf 78' lang='grc' dir='ltr'>ἆν-</span> 
     </span>
     <span class='ocr_line' id='line_1_22' title="bbox 366 1960 1993 2043; baseline -0.003 -17"><span class='ocrx_word' id='word_1_163' title='bbox 366 1963 635 2043; x_wconf 78' lang='grc' dir='ltr'>θριόπους,</span> <span class='ocrx_word' id='word_1_164' title='bbox 662 1963 717 2023; x_wconf 81' lang='grc' dir='ltr'>οἳ</span> <span class='ocrx_word' id='word_1_165' title='bbox 743 1963 1025 2023; x_wconf 87' lang='grc' dir='ltr'>σιτέονται</span> <span class='ocrx_word' id='word_1_166' title='bbox 1047 1964 1153 2038; x_wconf 81' lang='grc' dir='ltr'>μὲν</span> <span class='ocrx_word' id='word_1_167' title='bbox 1177 1961 1331 2038; x_wconf 83' lang='grc' dir='ltr'>ῥίζας</span> <span class='ocrx_word' id='word_1_168' title='bbox 1354 1960 1422 2022; x_wconf 81' lang='grc' dir='ltr'>τὸ</span> <span class='ocrx_word' id='word_1_169' title='bbox 1450 1961 1609 2039; x_wconf 89' lang='grc' dir='ltr'>θέρος</span> <span class='ocrx_word' id='word_1_170' title='bbox 1634 1961 1993 2040; x_wconf 78' lang='grc' dir='ltr'>ὀρύσσοντες,</span> 
     </span>
     <span class='ocr_line' id='line_1_23' title="bbox 364 2047 1977 2162; baseline 0.001 -50"><span class='ocrx_word' id='word_1_171' title='bbox 364 2052 645 2122; x_wconf 82' lang='grc' dir='ltr'>παντοίας,</span> <span class='ocrx_word' id='word_1_172' title='bbox 673 2050 917 2128; x_wconf 81' lang='grc' dir='ltr'>καρποῦς</span> <span class='ocrx_word' id='word_1_173' title='bbox 942 2049 1002 2109; x_wconf 78' lang='grc' dir='ltr'>δὲ</span> <span class='ocrx_word' id='word_1_174' title='bbox 1027 2047 1142 2110; x_wconf 76' lang='grc' dir='ltr'>ἀπὸ</span> <span class='ocrx_word' id='word_1_175' title='bbox 1169 2049 1429 2127; x_wconf 82' lang='grc' dir='ltr'>δενδρέων</span> <span class='ocrx_word' id='word_1_176' title='bbox 1449 2049 1836 2129; x_wconf 79' lang='grc' dir='ltr'>ἐξευρημένους</span> <span class='ocrx_word' id='word_1_177' title='bbox 1857 2058 1977 2162; x_wconf 88' lang='grc' dir='ltr'>σφι</span> 
     </span>
     <span class='ocr_line' id='line_1_24' title="bbox 366 2135 1993 2217; baseline 0.001 -17"><span class='ocrx_word' id='word_1_178' title='bbox 366 2144 422 2203; x_wconf 99' lang='grc' dir='ltr'>ἐς</span> <span class='ocrx_word' id='word_1_179' title='bbox 448 2138 681 2217; x_wconf 89' lang='grc' dir='ltr'>φορβην</span> <span class='ocrx_word' id='word_1_180' title='bbox 707 2135 1174 2199; x_wconf 68' lang='grc' dir='ltr'>κατατίθεσθαι“</span> <span class='ocrx_word' id='word_1_181' title='bbox 1134 2138 1380 2214; x_wconf 85' lang='grc' dir='ltr'>ωραίους,</span> <span class='ocrx_word' id='word_1_182' title='bbox 1410 2137 1502 2196; x_wconf 84' lang='grc' dir='ltr'>καὶ</span> <span class='ocrx_word' id='word_1_183' title='bbox 1526 2138 1754 2202; x_wconf 81' lang='grc' dir='ltr'>τούτους</span> <span class='ocrx_word' id='word_1_184' title='bbox 1793 2140 1993 2217; x_wconf 54' lang='lat' dir='ltr'>cerie-5</span> 
     </span>
     <span class='ocr_line' id='line_1_25' title="bbox 366 2223 1975 2307; baseline 0.001 -18"><span class='ocrx_word' id='word_1_185' title='bbox 366 2229 506 2290; x_wconf 90' lang='grc' dir='ltr'>σθαι</span> <span class='ocrx_word' id='word_1_186' title='bbox 527 2253 633 2304; x_wconf 91' lang='grc' dir='ltr'>την</span> <span class='ocrx_word' id='word_1_187' title='bbox 655 2224 993 2307; x_wconf 85' lang='grc' dir='ltr'>χειμερινήν·</span> <span class='ocrx_word' id='word_1_188' title='bbox 1033 2223 1190 2284; x_wconf 72' lang='grc' dir='ltr'>ἄλλα</span> <span class='ocrx_word' id='word_1_189' title='bbox 1228 2223 1293 2285; x_wconf 88' lang='grc' dir='ltr'>δέ</span> <span class='ocrx_word' id='word_1_190' title='bbox 1332 2230 1447 2302; x_wconf 89' lang='grc' dir='ltr'>σφι</span> <span class='ocrx_word' id='word_1_191' title='bbox 1484 2225 1815 2305; x_wconf 78' lang='grc' dir='ltr'>ἐξευρῆσθαι</span> <span class='ocrx_word' id='word_1_192' title='bbox 1854 2228 1975 2290; x_wconf 83' lang='grc' dir='ltr'>δέν-</span> 
     </span>
     <span class='ocr_line' id='line_1_26' title="bbox 369 2313 1976 2394; baseline -0.001 -17"><span class='ocrx_word' id='word_1_193' title='bbox 369 2316 501 2394; x_wconf 85' lang='grc' dir='ltr'>δρεα</span> <span class='ocrx_word' id='word_1_194' title='bbox 527 2341 771 2394; x_wconf 88' lang='grc' dir='ltr'>καρπους</span> <span class='ocrx_word' id='word_1_195' title='bbox 804 2313 1061 2375; x_wconf 86' lang='grc' dir='ltr'>τοιούσδε</span> <span class='ocrx_word' id='word_1_196' title='bbox 1097 2338 1252 2376; x_wconf 85' lang='grc' dir='ltr'>τινας</span> <span class='ocrx_word' id='word_1_197' title='bbox 1288 2313 1550 2391; x_wconf 88' lang='grc' dir='ltr'>φέροντα,</span> <span class='ocrx_word' id='word_1_198' title='bbox 1575 2340 1721 2386; x_wconf 93' lang='grc' dir='ltr'>τους,</span> <span class='ocrx_word' id='word_1_199' title='bbox 1749 2317 1876 2376; x_wconf 88' lang='grc' dir='ltr'>ἐπεί</span> <span class='ocrx_word' id='word_1_200' title='bbox 1907 2344 1976 2378; x_wconf 84' lang='grc' dir='ltr'>τε</span> 
     </span>
     <span class='ocr_line' id='line_1_27' title="bbox 366 2401 1974 2480; baseline -0.001 -14"><span class='ocrx_word' id='word_1_201' title='bbox 366 2404 435 2466; x_wconf 82' lang='grc' dir='ltr'>ἂν</span> <span class='ocrx_word' id='word_1_202' title='bbox 458 2409 514 2469; x_wconf 84' lang='grc' dir='ltr'>ἐς</span> <span class='ocrx_word' id='word_1_203' title='bbox 536 2403 713 2465; x_wconf 82' lang='grc' dir='ltr'>τωυτὸ</span> <span class='ocrx_word' id='word_1_204' title='bbox 740 2402 1058 2464; x_wconf 86' lang='grc' dir='ltr'>συνέλθωσι</span> <span class='ocrx_word' id='word_1_205' title='bbox 1085 2426 1228 2461; x_wconf 90' lang='grc' dir='ltr'>κατα</span> <span class='ocrx_word' id='word_1_206' title='bbox 1268 2401 1421 2466; x_wconf 83' lang='grc' dir='ltr'>εἴλας</span> <span class='ocrx_word' id='word_1_207' title='bbox 1463 2402 1555 2462; x_wconf 87' lang='grc' dir='ltr'>καὶ</span> <span class='ocrx_word' id='word_1_208' title='bbox 1579 2406 1692 2480; x_wconf 82' lang='grc' dir='ltr'>πῦρ</span> <span class='ocrx_word' id='word_1_209' title='bbox 1733 2402 1974 2465; x_wconf 73' lang='grc' dir='ltr'>ἀνακαύ-</span> 
     </span>
     <span class='ocr_line' id='line_1_28' title="bbox 366 2489 1971 2571; baseline 0 -18"><span class='ocrx_word' id='word_1_210' title='bbox 366 2517 591 2563; x_wconf 89' lang='grc' dir='ltr'>σωνται,</span> <span class='ocrx_word' id='word_1_211' title='bbox 613 2491 797 2570; x_wconf 90' lang='grc' dir='ltr'>κύκλῳ</span> <span class='ocrx_word' id='word_1_212' title='bbox 822 2489 1234 2567; x_wconf 80' lang='grc' dir='ltr'>περιῖζομένους</span> <span class='ocrx_word' id='word_1_213' title='bbox 1260 2489 1599 2567; x_wconf 76' lang='grc' dir='ltr'>ἐπιβάλλειν</span> <span class='ocrx_word' id='word_1_214' title='bbox 1625 2490 1719 2551; x_wconf 85' lang='grc' dir='ltr'>ε’πὶ</span> <span class='ocrx_word' id='word_1_215' title='bbox 1741 2491 1807 2552; x_wconf 79' lang='grc' dir='ltr'>τό</span> <span class='ocrx_word' id='word_1_216' title='bbox 1835 2497 1971 2571; x_wconf 81' lang='grc' dir='ltr'>πῦρ,</span> 
     </span>
     <span class='ocr_line' id='line_1_29' title="bbox 364 2578 1973 2659; baseline 0.001 -18"><span class='ocrx_word' id='word_1_217' title='bbox 364 2579 843 2657; x_wconf 74' lang='grc' dir='ltr'>ὀσφραινομένους</span> <span class='ocrx_word' id='word_1_218' title='bbox 885 2578 945 2637; x_wconf 81' lang='grc' dir='ltr'>δὲ</span> <span class='ocrx_word' id='word_1_219' title='bbox 991 2578 1425 2659; x_wconf 82' lang='grc' dir='ltr'>καταγιζομένου</span> <span class='ocrx_word' id='word_1_220' title='bbox 1466 2583 1568 2641; x_wconf 85' lang='grc' dir='ltr'>τοῦ</span> <span class='ocrx_word' id='word_1_221' title='bbox 1615 2583 1828 2657; x_wconf 81' lang='grc' dir='ltr'>καρποῦ</span> <span class='ocrx_word' id='word_1_222' title='bbox 1867 2587 1973 2642; x_wconf 86' lang='grc' dir='ltr'>τοῦ</span> 
     </span>
     <span class='ocr_line' id='line_1_30' title="bbox 367 2663 1974 2746; baseline 0.002 -19"><span class='ocrx_word' id='word_1_223' title='bbox 367 2665 820 2743; x_wconf 90' lang='grc' dir='ltr'>ἐπιβαλλομένου</span> <span class='ocrx_word' id='word_1_224' title='bbox 845 2663 1233 2743; x_wconf 86' lang='grc' dir='ltr'>μεθύσκεσθαι</span> <span class='ocrx_word' id='word_1_225' title='bbox 1263 2670 1335 2746; x_wconf 80' lang='grc' dir='ltr'>τῇ</span> <span class='ocrx_word' id='word_1_226' title='bbox 1361 2666 1526 2746; x_wconf 79' lang='grc' dir='ltr'>ὀδμῇ,</span> <span class='ocrx_word' id='word_1_227' title='bbox 1556 2667 1802 2746; x_wconf 80' lang='grc' dir='ltr'>κατάπερ</span> <span class='ocrx_word' id='word_1_228' title='bbox 1831 2667 1974 2730; x_wconf 82' lang='grc' dir='ltr'>Ἕλ-</span> 
     </span>
     <span class='ocr_line' id='line_1_31' title="bbox 365 2753 1974 2836; baseline 0.001 -21"><span class='ocrx_word' id='word_1_229' title='bbox 365 2759 539 2831; x_wconf 88' lang='grc' dir='ltr'>ληνας</span> <span class='ocrx_word' id='word_1_230' title='bbox 562 2758 640 2833; x_wconf 76' lang='grc' dir='ltr'>τῷ</span> <span class='ocrx_word' id='word_1_231' title='bbox 666 2754 811 2833; x_wconf 82' lang='grc' dir='ltr'>οἴνῳ·</span> <span class='ocrx_word' id='word_1_232' title='bbox 869 2755 1108 2817; x_wconf 85' lang='grc' dir='ltr'>πλεῦνος</span> <span class='ocrx_word' id='word_1_233' title='bbox 1134 2753 1194 2813; x_wconf 80' lang='grc' dir='ltr'>δὲ</span> <span class='ocrx_word' id='word_1_234' title='bbox 1221 2755 1676 2832; x_wconf 84' lang='grc' dir='ltr'>ἐπιβαλλομένου</span> <span class='ocrx_word' id='word_1_235' title='bbox 1704 2760 1806 2818; x_wconf 86' lang='grc' dir='ltr'>τοῦ</span> <span class='ocrx_word' id='word_1_236' title='bbox 1840 2783 1974 2836; x_wconf 84' lang='grc' dir='ltr'>καρ-</span> 
     </span>
     <span class='ocr_line' id='line_1_32' title="bbox 368 2840 1973 2923; baseline 0.002 -19"><span class='ocrx_word' id='word_1_237' title='bbox 368 2846 476 2904; x_wconf 85' lang='grc' dir='ltr'>ποῦ</span> <span class='ocrx_word' id='word_1_238' title='bbox 513 2846 741 2922; x_wconf 81' lang='grc' dir='ltr'>μᾶλλον</span> <span class='ocrx_word' id='word_1_239' title='bbox 782 2840 1184 2919; x_wconf 88' lang='grc' dir='ltr'>μεθύσκεσθαι,</span> <span class='ocrx_word' id='word_1_240' title='bbox 1212 2845 1268 2906; x_wconf 89' lang='grc' dir='ltr'>ἐς</span> <span class='ocrx_word' id='word_1_241' title='bbox 1311 2841 1346 2902; x_wconf 80' lang='grc' dir='ltr'>ὃ</span> <span class='ocrx_word' id='word_1_242' title='bbox 1388 2846 1444 2907; x_wconf 87' lang='grc' dir='ltr'>ἐς</span> <span class='ocrx_word' id='word_1_243' title='bbox 1479 2842 1719 2923; x_wconf 80' lang='grc' dir='ltr'>ὄρχησίν</span> <span class='ocrx_word' id='word_1_244' title='bbox 1757 2870 1821 2906; x_wconf 87' lang='grc' dir='ltr'>τε</span> <span class='ocrx_word' id='word_1_245' title='bbox 1856 2844 1973 2906; x_wconf 86' lang='grc' dir='ltr'>α’νί-</span> 
     </span>
     <span class='ocr_line' id='line_1_33' title="bbox 364 2927 1975 3012; baseline 0.001 -18"><span class='ocrx_word' id='word_1_246' title='bbox 364 2933 615 2994; x_wconf 89' lang='grc' dir='ltr'>στασθαι</span> <span class='ocrx_word' id='word_1_247' title='bbox 667 2930 760 2989; x_wconf 85' lang='grc' dir='ltr'>καὶ</span> <span class='ocrx_word' id='word_1_248' title='bbox 813 2935 869 2994; x_wconf 89' lang='grc' dir='ltr'>ἐς</span> <span class='ocrx_word' id='word_1_249' title='bbox 920 2927 1115 3005; x_wconf 75' lang='grc' dir='ltr'>ἀοιδὴν</span> <span class='ocrx_word' id='word_1_250' title='bbox 1157 2927 1545 2992; x_wconf 67' lang='grc' dir='ltr'>ἀπικνέεσθαι·</span> <span class='ocrx_word' id='word_1_251' title='bbox 1611 2931 1822 2993; x_wconf 87' lang='grc' dir='ltr'>τούτων</span> <span class='ocrx_word' id='word_1_252' title='bbox 1865 2936 1975 3012; x_wconf 75' lang='grc' dir='ltr'>μὲν</span> 
     </span>
     <span class='ocr_line' id='line_1_34' title="bbox 368 3016 1974 3101; baseline 0 -20"><span class='ocrx_word' id='word_1_253' title='bbox 368 3020 508 3097; x_wconf 75' lang='grc' dir='ltr'>αὕτη</span> <span class='ocrx_word' id='word_1_254' title='bbox 543 3020 768 3101; x_wconf 90' lang='grc' dir='ltr'>λέγεται</span> <span class='ocrx_word' id='word_1_255' title='bbox 803 3018 985 3078; x_wconf 87' lang='grc' dir='ltr'>δίαιτα</span> <span class='ocrx_word' id='word_1_256' title='bbox 1028 3016 1186 3077; x_wconf 83' lang='grc' dir='ltr'>εἶναι.</span> <span class='ocrx_word' id='word_1_257' title='bbox 1267 3017 1300 3078; x_wconf 81' lang='grc' dir='ltr'>ὅ</span> <span class='ocrx_word' id='word_1_258' title='bbox 1344 3019 1404 3078; x_wconf 85' lang='grc' dir='ltr'>δὲ</span> <span class='ocrx_word' id='word_1_259' title='bbox 1443 3017 1684 3098; x_wconf 76' lang='grc' dir='ltr'>Ἀράξης</span> <span class='ocrx_word' id='word_1_260' title='bbox 1718 3022 1974 3099; x_wconf 82' lang='grc' dir='ltr'>ποταμὸς</span> 
     </span>
     <span class='ocr_line' id='line_1_35' title="bbox 362 3104 1975 3186; baseline -0.001 -18"><span class='ocrx_word' id='word_1_261' title='bbox 362 3110 475 3186; x_wconf 81' lang='grc' dir='ltr'>ῥέει</span> <span class='ocrx_word' id='word_1_262' title='bbox 498 3109 601 3185; x_wconf 80' lang='grc' dir='ltr'>μὲν</span> <span class='ocrx_word' id='word_1_263' title='bbox 628 3113 689 3167; x_wconf 89' lang='grc' dir='ltr'>ἐκ</span> <span class='ocrx_word' id='word_1_264' title='bbox 715 3109 1030 3183; x_wconf 79' lang='grc' dir='ltr'>Ματιηνῶν,</span> <span class='ocrx_word' id='word_1_265' title='bbox 1058 3104 1189 3167; x_wconf 83' lang='grc' dir='ltr'>ὅθεν</span> <span class='ocrx_word' id='word_1_266' title='bbox 1212 3131 1320 3184; x_wconf 91' lang='grc' dir='ltr'>περ</span> <span class='ocrx_word' id='word_1_267' title='bbox 1354 3105 1387 3167; x_wconf 80' lang='grc' dir='ltr'>ὅ</span> <span class='ocrx_word' id='word_1_268' title='bbox 1419 3106 1631 3183; x_wconf 84' lang='grc' dir='ltr'>Γύνδης</span> <span class='ocrx_word' id='word_1_269' title='bbox 1662 3108 1764 3170; x_wconf 77' lang='grc' dir='ltr'>τᾶν</span> <span class='ocrx_word' id='word_1_270' title='bbox 1791 3113 1848 3173; x_wconf 87' lang='grc' dir='ltr'>ἐς</span> <span class='ocrx_word' id='word_1_271' title='bbox 1870 3109 1975 3174; x_wconf 72' lang='grc' dir='ltr'>τὰς</span> 
     </span>
     <span class='ocr_line' id='line_1_36' title="bbox 365 3193 1975 3273; baseline 0.002 -19"><span class='ocrx_word' id='word_1_272' title='bbox 365 3194 634 3273; x_wconf 78' lang='grc' dir='ltr'>διώρυχας</span> <span class='ocrx_word' id='word_1_273' title='bbox 677 3195 778 3259; x_wconf 74' lang='grc' dir='ltr'>τὰς</span> <span class='ocrx_word' id='word_1_274' title='bbox 819 3193 1084 3269; x_wconf 73' lang='grc' dir='ltr'>ἐξήκοντά</span> <span class='ocrx_word' id='word_1_275' title='bbox 1129 3217 1192 3253; x_wconf 88' lang='grc' dir='ltr'>τε</span> <span class='ocrx_word' id='word_1_276' title='bbox 1239 3195 1331 3253; x_wconf 84' lang='grc' dir='ltr'>καὶ</span> <span class='ocrx_word' id='word_1_277' title='bbox 1369 3196 1696 3271; x_wconf 86' lang='grc' dir='ltr'>τριηκοσίας</span> <span class='ocrx_word' id='word_1_278' title='bbox 1734 3195 1975 3272; x_wconf 85' lang='grc' dir='ltr'>διέλαβε</span> 
     </span>
     <span class='ocr_line' id='line_1_37' title="bbox 365 3280 1975 3361; baseline 0.002 -19"><span class='ocrx_word' id='word_1_279' title='bbox 365 3281 401 3342; x_wconf 80' lang='grc' dir='ltr'>ὁ</span> <span class='ocrx_word' id='word_1_280' title='bbox 428 3286 631 3359; x_wconf 85' lang='grc' dir='ltr'>Κῦρος,</span> <span class='ocrx_word' id='word_1_281' title='bbox 658 3282 913 3360; x_wconf 87' lang='grc' dir='ltr'>στόμασι</span> <span class='ocrx_word' id='word_1_282' title='bbox 937 3282 999 3341; x_wconf 76' lang='grc' dir='ltr'>δὲ</span> <span class='ocrx_word' id='word_1_283' title='bbox 1024 3280 1366 3361; x_wconf 82' lang='grc' dir='ltr'>ἐξερεύγεται</span> <span class='ocrx_word' id='word_1_284' title='bbox 1388 3283 1833 3361; x_wconf 76' lang='grc' dir='ltr'>τεσσαράκοντα,</span> <span class='ocrx_word' id='word_1_285' title='bbox 1858 3288 1975 3346; x_wconf 73' lang='grc' dir='ltr'>τῶν</span> 
     </span>
    </p>
   </div>
   <div class='ocr_carea' id='block_1_2' title="bbox 2108 2596 2153 3493">
    <p class='ocr_par' dir='ltr' id='par_1_5' title="bbox 2108 2596 2153 3493">
     <span class='ocr_line' id='line_1_38' title="bbox 2108 2596 2153 3493; baseline 0 0"><span class='ocrx_word' id='word_1_286' title='bbox 2108 2596 2153 3493; x_wconf 95' lang='lat' dir='ltr'> </span> 
     </span>
    </p>
   </div>
  </div>
 </body>
</html>
