2184 3517
185 140 352 189 114-1.
363 142 389 189 l
397 139 453 205 6]
810 142 1136 193 ET'I'EPHH.
1674 143 1762 191 161

180 214 362 279 ὅκόθεν
410 220 598 280 πλέοι·
649 220 793 297 μετοῖΙ
839 221 915 290 δὲ,
962 220 997 281 ὅ
1043 219 1305 299 Πρωτεῦς
1356 219 1554 298 εἰρώτα
1598 218 1770 280 αὐτόν

180 303 359 367 ὅκόθεν
414 306 521 382 τήν
572 306 808 384 Ἑλένην
858 307 1074 384 λάβοις
1143 309 1508 385 πλανωμένου
1560 307 1621 367 δὲ
1670 310 1773 367 τοῦ

180 390 539 472 Ἀλεξάνδρου
575 400 634 456 ἐν
662 400 740 475 τῷ
770 395 923 476 λόγῳ
956 396 1050 455 καὶ
1085 393 1153 454 οὗ
1190 395 1455 475 λέγοντος
1491 393 1596 470 τὴν
1634 393 1771 471 ἀλη-

183 480 341 557 θηΐην,
360 480 614 563 ἤλεγχον
633 485 688 542 οἱ
709 481 997 563 γενόμενοι
1018 482 1193 542 ἱκέται
1219 480 1571 562 ἐξηγεύμενοι
1590 481 1773 542 πάντα

183 566 340 648 λόγον
366 572 472 629 τοῦ
499 569 855 645 ἀδικήματος·
896 570 1061 633 τέλος
1087 568 1148 628 δὲ
1173 567 1243 644 δή
1270 574 1384 645 σφι
1409 568 1586 651 λόγον
1609 568 1770 630 τόνδε

185 656 420 730 ἐκφαίνει
464 656 499 717 ὅ
537 656 815 735 Πρωτευς,
863 656 1045 738 λέγων
1094 654 1181 717 ὅτι
1228 661 1297 693 “
1272 682 1380 738 εγω
1424 660 1473 717 εἰ
1516 656 1599 734 μὴ
1645 656 1776 735 περὶ

185 746 396 804 πολλοῦ
432 742 684 825 ἡγεύμην
733 744 945 821 μηδένα
995 743 1188 814 ξείνων
1228 744 1470 818 κτείνειν,
1514 742 1643 804 ὅσοι
1680 742 1775 804 ὑπ’

186 827 386 907 ἀνέμων
429 830 539 908 ἤδη
581 830 1050 938 ἀπολαμφθέντες
1102 830 1283 906 ἦλθον
1324 835 1380 895 ἐς
1431 830 1618 911 χώρην
1669 831 1775 909 τήν

189 917 326 993 ἐμὴν,
355 918 466 1000 ε’γῶ
492 917 560 979 ἄν
585 944 656 980 σε
684 918 825 996 ὑπὲρ
851 923 952 979 τοῦ
975 918 1314 994 Ελληνος’
1288 918 1577 996 ετισάμην·
1620 918 1771 989 ὃς,ω

188 1003 403 1066 κάκιστε
450 1004 677 1084 ἀνδρῶν,
718 1006 928 1077 ξεινίων
964 1031 1150 1086 τυχων
1190 1006 1353 1086 ἔργον
1398 1004 1775 1066 ἀνοσιώτατον

190 1092 442 1172 ἐργάσαο,
498 1092 653 1172 παρὰ
703 1097 805 1154 τοῦ
856 1097 1105 1154 σεωυτοῦ
1157 1092 1337 1163 ξείνου
1386 1092 1493 1168 τήν
1542 1096 1779 1173 γυναῖκα

189 1176 366 1253 ἦλθες·
408 1180 503 1240 καὶ
537 1180 699 1290 μάλα
733 1181 912 1241 ταῦτα’,
940 1207 1030 1241 τοι
1063 1179 1164 1241 οὐκ
1200 1180 1424 1258 ἤρκεσε,
1458 1178 1613 1239 ἀλλά
1649 1179 1776 1240 ἀνα-

189 1267 468 1344 πτερώσας
513 1266 687 1344 αὐτὴν
729 1269 909 1348 οἴχεαι
962 1269 1103 1349 ἔχων
1144 1268 1439 1346 ἐκκλέψας·
1508 1268 1602 1327 καὶ
1654 1263 1780 1328 ου’δέ

191 1356 356 1415 ταῦτα’,
404 1381 497 1417 τοι
547 1360 730 1433 μοῦνα
772 1356 996 1434 ἤρκεσε,
1044 1354 1201 1416 ἀλλά
1244 1356 1336 1416 καὶ
1374 1355 1447 1415 τά
1489 1355 1637 1416 οἰκία
1678 1360 1780 1416 τοῦ

193 1441 358 1510 ξείνου
385 1445 648 1521 κεραΐσας
670 1443 839 1520 ἥκεις.
921 1447 1020 1505 νῦν
1054 1469 1146 1514 ων,
1175 1442 1362 1519 ἐπειδὴ
1398 1443 1527 1521 περὶ
1556 1447 1780 1504 πολλοῦ

193 1528 395 1611 ἥγημαι
416 1531 500 1608 μή
527 1531 931 1601 ξεινοκτονέειν,
955 1534 1194 1612 γυναῖκα
1226 1533 1330 1606 μὲν
1359 1530 1567 1607 ταύτην
1591 1531 1687 1591 καὶ
1710 1531 1783 1591 τὰ

194 1618 449 1695 χρήματα
473 1617 540 1679 οὔ
570 1645 658 1679 τοι
683 1618 918 1697 προήσω
948 1616 1288 1699 ἀπάγεσθαι,
1318 1616 1473 1677 ἀλλά
1503 1616 1642 1677 αὗτσῖ
1670 1618 1779 1699 ἐγώ

195 1708 265 1785 τῷ
299 1704 545 1783 Ἕλληνι
597 1705 755 1786 ξείνῳ
801 1705 1052 1783 φυλάξω,
1090 1711 1148 1769 ἐς
1188 1704 1223 1766 ὃ
1269 1703 1338 1766 ἂν
1390 1705 1555 1769 αὖτός
1608 1706 1785 1768 ἐλθῶν

198 1795 390 1857 ἐκεῖνος
429 1793 825 1876 ἀπαγαγέσθαι
865 1794 1052 1875 ἐθέλῃ·
1109 1791 1277 1853 αὖτόν
1317 1792 1377 1852 δὲ
1416 1795 1487 1853 σὲ
1527 1793 1620 1852 καὶ
1656 1792 1787 1857 τοῦς

200 1880 326 1944 σούς
350 1881 681 1959 συμπλόους
715 1884 882 1961 τριῶν
915 1881 1164 1959 ἡμερέων
1194 1880 1568 1961 προαγορεύω,
1594 1885 1655 1940 ἐκ
1684 1884 1787 1957 τῆς

202 1971 328 2044 ε’μῆς
363 1974 469 2050 γῆς
508 1973 565 2034 ἐς
604 1968 790 2045 ἄλλην
829 1968 955 2029 τινοὶ
993 1967 1447 2046 μετορμίζεσθαι·
1497 1972 1547 2029 εἰ
1584 1967 1645 2029 δὲ
1682 1968 1784 2046 μή,
1841 2033 1846 2038 ,

201 2054 291 2115 ἅτε
313 2049 625 2140 πολεμίους1
637 2055 1058 2136 περιέψεσθαι.”

271 2142 498 2221 Ἑλένης
525 2146 630 2222 μὲν
654 2145 860 2221 ταύτην
885 2143 1076 2215 ἄπιξιν
1100 2142 1257 2223 παρά
1286 2144 1523 2223 Πρωτέα
1549 2144 1743 2226 ἃεγον
1765 2147 1793 2205 1
1806 2146 1880 2204 16

202 2234 252 2290 οἶ
293 2232 425 2309 ἱρέες
462 2232 747 2314 γενέσθαι·
801 2232 979 2292 δοκέει
1021 2232 1086 2292 δέ
1127 2257 1227 2311 μοι
1269 2234 1363 2292 καὶ
1392 2232 1649 2309 Ὅμηρος
1686 2231 1788 2293 τᾶν

203 2409 478 2484 ἐποποιίην
505 2406 877 2487 εὖπρεπήςλῆν
898 2411 978 2487 τῷ
1003 2408 1168 2488 ἐτέρω
1191 2411 1375 2485 τῷπερ
1402 2404 1704 2485 ἐχρήσατο,
1728 2412 1785 2471 ἐς

204 2492 237 2552 ὃ
251 2498 444 2571 μετῆκε
460 2495 630 2556 αὐτὸν
649 2494 910 2572 δηλώσας
930 2521 1000 2560 ως
1029 2496 1122 2555 καὶ
1145 2498 1344 2555 τοῦτον
1370 2495 1664 2554 ἐπίσταιτο
1688 2494 1789 2555 τᾶν

203 2577 389 2661 λόγον.ι
438 2583 613 2659 ἧλον
647 2583 726 2643 δέ·
769 2581 911 2644 κατὰ
943 2581 1056 2665 γάρ
1083 2582 1317 2657 ἐποίησε
1353 2587 1413 2644 ἐν
1440 2580 1642 2641 Ἰλιάδι
1673 2583 1792 2662 (καὶ

206 2667 407 2747 οὐδαμῆ
440 2670 595 2751 ἄλλῃ
627 2670 928 2732 ἀνεπόδισε
967 2668 1194 2751 ἑωυτὸν)
1226 2669 1449 2747 πλάνην
1471 2670 1575 2747 τὴν
1598 2669 1791 2742 Ἀλεξ-

206 2754 410 2840 ᾴνδρου,
442 2759 514 2824 ὥς
549 2759 862 2871 ἀπηνείχθη
897 2758 1046 2841 ἄγων
1076 2758 1313 2836 Ἑλένην
1344 2764 1417 2838 τῇ
1447 2784 1512 2819 τε
1543 2759 1611 2836 δή
1638 2759 1792 2840 ἄλλῃ

207 2845 541 2924 πλαζόμενος
567 2848 660 2907 καὶ
688 2847 760 2912 ὥς
786 2853 842 2912 ἐς
867 2848 1082 2912 Σιδῶνα
1106 2851 1209 2923 τῆς
1233 2848 1491 2923 Φοινίκης
1516 2845 1766 2908 ἀπίκετο.

285 2930 678 3047 Ἑπιμέμνηται
731 2935 791 2995 δε
836 2934 1007 2996 αὐτοῦ
1054 2939 1115 2996 ἐν
1159 2933 1472 3012 Διομήδεος
1518 2933 1791 3015 ἀριστείῃ·

207 3019 354 3100 λέγει
377 3022 435 3082 δὲ
457 3022 530 3083 τοὶ
545 3025 694 3087 ἔπεα
721 3049 881 3083 ουτω·

353 3111 478 3161 Ἔνθ’
514 3114 632 3162 ἔσαν
666 3114 711 3160 οί
744 3113 924 3161 πέπλοι
957 3111 1288 3170 παμποίκιλοι,
1326 3111 1447 3172 ἔργα
1479 3110 1715 3172 γυναικῶν

359 3184 594 3244 Σιδονίων,
632 3185 720 3232 τὰς
745 3185 885 3232 αὐτὸς
912 3183 1228 3241 Ἀλέξανδρος
1263 3183 1467 3240 θεοειδὴς

359 3254 520 3316 ἤγαγε
555 3256 841 3313 Σιδονίηθεν,
883 3255 1099 3302 ἐπιπλὼς
1134 3252 1271 3313 εὐρέα
1304 3252 1491 3312 πόντον,

359 3328 446 3386 τὴν
478 3327 583 3376 ὁδὸν
615 3324 676 3386 ἥν
701 3325 902 3383 Ἑλένην
937 3339 1030 3385 περ
1062 3323 1309 3383 ἀνήγαγεν
1341 3322 1665 3385 εὐπατέρειαν.
