2184 3517
312 95 374 145 32
595 81 602 88 '
915 91 1283 146 ·n1³.vomo¹r
1839 94 1911 159 [1.

286 171 381 249 -ἦν
418 171 591 252 ὀρέων
631 171 698 234 τό
740 172 1084 252 ποιεόμενον·
1125 171 1318 250 μαθών
1353 170 1417 232 δέ
1455 179 1553 249 μιν
1596 170 1630 232 ὀ
1669 173 1915 252 χαλκεῦς

305 261 797 340 ἀποθωυμάζοντα,
821 260 943 322 εἶπε
971 261 1330 338 παυσάμενος
1352 263 1453 320 τοῦ
1480 261 1663 342 ἔργου·
1706 259 1785 337 “ἦ
1812 288 1915 323 κου

304 348 389 420 ἂν,
418 349 460 409 ὦ
485 350 626 420 ξεῖνε
650 350 864 420 Λάκων,
893 350 945 409 εἴ
967 376 1072 428 περ
1102 349 1240 413 εἶδες
1264 347 1331 409 τό
1356 374 1462 425 περ
1490 348 1613 429 ἐγώ,
1643 347 1819 426 κάρτα
1842 349 1914 412 ἂν

304 436 612 516 ἐθῶυμαζες
631 437 763 499 ὅκου
783 443 879 499 νῦν
899 437 1040 499 οὕτω
1058 436 1352 520 τυγχάνεις
1372 437 1565 513 θῶυμα
1588 436 1914 515 ποιεύμενος

303 525 407 602 τὴν
426 526 694 608 ἐργασίην
711 530 812 586 τοῦ
833 525 1084 603 σιδήρου·
1118 525 1229 607 ἐγώ
1253 524 1364 605 γὰρ
1392 530 1450 585 ἐν
1474 523 1607 603 τῇδε
1633 525 1814 586 θέλων
1837 526 1913 606 τῇ
1940 540 2040 564 'W‘

304 613 451 693 αὐλῇ
497 615 678 691 φρέαρ
724 613 1092 690 ποιήσασθαι,
1136 612 1397 693 ὀρύσσων
1444 612 1713 693 ἐπέτυχον
1758 619 1912 694 σορῷ

304 701 630 781 ἑπταπήχεϊ·
662 700 772 762 ὖπό
799 701 859 761 δὲ
879 700 1142 778 ἀπιστίης
1165 699 1247 779 μή
1270 703 1374 778 μὲν
1397 702 1660 783 γενέσθαι
1676 702 1913 780 μηδαμοὶ
2007 743 2124 764 Ν-

299 789 532 866 μέζονας
566 789 888 867 ἀνθρώπους
921 791 1035 851 τῶν.
1062 793 1177 858 νῦν,
1206 788 1388 868 ἀνῷξα
1419 786 1608 865 αὐτὴν,
1637 790 1730 848 καὶ
1764 790 1912 852 εἶδον

298 876 398 937 τὸν
432 876 625 955 νεκρόν
654 877 821 954 μήκεϊ
854 877 985 938 ἶσον
1015 876 1179 938 ἐόντα
1212 881 1287 956 τῇ
1327 880 1498 956 σορῷ·
1537 876 1823 955 μετρήσας
1848 879 1910 939 δὲ

301 965 601 1045 συνέχωσα
627 963 859 1025 ὀπίσω.”
898 964 933 1025 ὀ
950 967 1055 1042 μὲν
1073 963 1143 1041 δή
1171 967 1226 1025 οἱ
1253 965 1415 1045 ἔλεγε
1438 962 1512 1024 τά
1535 990 1641 1043 περ
1668 963 1907 1025 ὀπώπεε·

300 1050 336 1111 ὀ
361 1051 422 1112 δὲ
441 1052 680 1117 ἐννώσας
697 1052 770 1113 τά
788 1050 1083 1134 λεγόμενα,
1106 1051 1498 1128 συνεβάλλετο
1517 1051 1617 1113 τᾶν
1633 1050 1911 1130 Ὀρέστεα

299 1139 442 1201 κατὰ
478 1139 545 1202 τό
583 1140 919 1220 θεοπρόπιον
954 1143 1154 1202 τοῦτον
1191 1140 1344 1210 εἶναι,
1370 1140 1505 1219 τῇδε
1538 1140 1909 1217 συμβαλλεό-

264 1253 275 1262 “
297 1253 480 1305 μενος·
520 1233 622 1289 τοῦ
656 1229 900 1309 χαλκέος
934 1227 1033 1288 δύο
1069 1227 1242 1307 ὀρέων
1276 1226 1482 1303 φύσας,
1511 1225 1642 1291 τοῦς
1673 1227 1911 1307 ἀνέμους

296 1315 522 1393 ἐὕρισκε
554 1315 760 1380 ἐόντας·
799 1315 900 1377 τὸν
933 1316 993 1374 δὲ
1023 1314 1243 1394 ἄκμονα
1275 1315 1368 1374 καὶ
1397 1314 1504 1391 τήν
1538 1319 1782 1394 σφῦραν,
1807 1316 1911 1379 τόν

298 1427 362 1462 τε
394 1402 572 1465 τύπον
608 1404 701 1463 καὶ
739 1401 839 1464 τόν
880 1401 1195 1464 ἀντίτυπον·
1236 1402 1338 1464 τὸν
1377 1403 1440 1462 δὲ
1480 1402 1910 1481 ἐξελαυνόμενον

297 1490 545 1568 σίδηρον,
572 1490 640 1551 τὸ
666 1494 831 1568 πῆμα
856 1491 949 1551 ἐπὶ
973 1489 1192 1568 πήματι
1218 1491 1486 1568 κείμενον·
1529 1490 1672 1551 κατά
1694 1492 1909 1554 τοιόνδε

297 1604 355 1637 τι
380 1577 620 1650 εἰκάζων,
642 1578 713 1643 ὥς
739 1578 831 1639 ἐπὶ
857 1582 1006 1657 κακῷ
1031 1577 1323 1656 ἀνθρώπου
1349 1579 1577 1657 σίδηρος
1594 1577 1906 1657 ἀνεύρηται.

298 1665 805 1744 συμβαλλεόμενος
829 1665 890 1726 δὲ
913 1670 1107 1737 ταῦτα,
1136 1667 1230 1726 καὶ
1260 1665 1522 1728 ἀπελθῶν
1552 1672 1607 1731 ἐς
1641 1667 1909 1745 Σπάρτην

297 1755 503 1831 ἔφραζε
548 1754 1039 1832 Λακεδαιμονίοισι
1078 1758 1196 1815 πᾶν
1234 1753 1301 1815 τό
1343 1758 1596 1836 πρῆγμα·
1644 1758 1700 1815 οἱ
1741 1755 1802 1816 δὲ
1843 1760 1906 1816 ἐκ

295 1841 473 1924 λόγου
497 1845 761 1903 πλαστοῦ
787 1842 1160 1907 ἐπενείκαντές
1191 1845 1245 1904 οἱ
1275 1844 1473 1920 αἰτίην,
1501 1842 1744 1913 ἐδίωξαν·
1784 1842 1819 1905 ὀ
1843 1843 1906 1904 δὲ

296 1928 628 2008 ἀπικόμενος
663 1935 718 1994 ἐς
752 1930 960 2012 Τεγέην
994 1930 1087 1990 καὶ
1122 1930 1349 2008 φράζων
1381 1929 1486 2005 τὴν
1520 1934 1721 1991 ἑωυτοῦ
1760 1957 1904 2010 συμ-

297 2017 480 2097 φορήν
504 2018 644 2097 πρός
668 2017 767 2078 τόν
792 2018 1026 2098 χαλκέα,
1055 2018 1359 2095 ἐμισθοῦτο
1384 2016 1514 2095 παρ’
1540 2016 1638 2077 οὔκ
1670 2018 1903 2079 ἐκδιδόν-

296 2132 391 2170 τος
429 2104 534 2181 τὴν
579 2104 776 2182 αὐλήν·
820 2104 1004 2186 χρόνῳ
1045 2105 1106 2165 δὲ
1147 2104 1218 2170 ὥς
1258 2105 1553 2187 ἀνέγνωσε,
1598 2106 1900 2183 ἐνοικίσθη·

293 2193 559 2273 ἀνορύξας
580 2193 640 2252 δὲ
658 2192 760 2254 τόν
777 2192 962 2269 τάφον
983 2194 1075 2252 καὶ
1100 2192 1172 2253 τά
1199 2192 1374 2254 ὀστέα
1399 2193 1696 2263 συλλέξας,
1714 2194 1900 2273 οἴχετο

295 2281 480 2359 φέρων
506 2286 562 2345 ἐς
589 2279 871 2358 Σπάρτην·
905 2281 999 2340 καὶ
1024 2280 1138 2341 ‹in-6
1164 2280 1363 2341 τούτου
1388 2284 1489 2341 τοῦ
1513 2280 1736 2360 χρόνου,
1764 2280 1901 2345 ὅκως

293 2367 564 2449 πειρῴατο
595 2366 881 2444 ἀλλήλων,
909 2371 1111 2447 πολλῷ
1142 2370 1534 2446 κατυπέρτεροι
1561 2371 1640 2447 τῷ
1669 2369 1900 2449 πολέμῳ

271 2458 540 2538 ’ἐγίνοντο
566 2459 621 2516 οἱ
643 2455 1090 2533 Λακεδαιμόνιοι·
1131 2454 1240 2532 ἤδη
1272 2456 1335 2515 δέ
1364 2463 1478 2533 σφι
1509 2455 1603 2515 καὶ
1631 2454 1673 2533 ἦ
1703 2447 1921 2533 πολλή.

291 2548 393 2619 τῆς
418 2542 865 2619 Πελοποννήσου
889 2542 961 2618 ἦν
987 2544 1468 2621 κατεστραμμένη.

199 2633 274 2690 69
372 2633 562 2690 Ταῦτα
617 2629 685 2706 δὴ
742 2628 816 2691 ὧν
866 2622 1049 2691 πάντα
1100 2630 1509 2709 πυνθανόμενος
1562 2629 1595 2693 ὀ
1648 2634 1900 2709 Κροῖσος

293 2718 504 2794 ἔπεμπε
530 2721 586 2781 ἐς
611 2715 877 2794 Σπάρτην
906 2717 1183 2799 ἀγγέλους
1218 2718 1368 2797 δῶρά
1402 2746 1467 2780 τε
1498 2720 1772 2798 φέροντας
1806 2721 1900 2779 καὶ

293 2805 662 2883 δεησομένους
704 2807 1046 2884 συμμαχίης,
1084 2806 1466 2886 ἐντειλάμενός
1508 2833 1572 2870 τε
1604 2806 1677 2868 τοὶ
1712 2809 1901 2890 λέγειν

291 2897 456 2973 χρῆν.
539 2895 593 2953 οἱ
619 2893 679 2953 δὲ
699 2892 957 2957 ἐλθόντες
983 2894 1197 2974 ἔλεγον·
1240 2895 1498 2974 ((ἔπεμψε
1521 2894 1698 2973 ἡμέας
1729 2899 1901 2973 Κροῖ-

293 3007 400 3045 σος
432 2979 466 3042 ὀ
498 2980 694 3041 Λυδῶν
727 3005 791 3040 τε
822 2980 915 3039 καὶ
944 2979 1136 3042 ἄλλων
1167 2981 1364 3043 ἐθνέων
1396 2983 1693 3059 βασιλεῦς,
1719 2984 1900 3065 λέγων

292 3067 442 3128 τάδε·
505 3067 548 3128 ὦ
599 3066 1043 3145 Λακεδαιμόνιοι,
1097 3067 1415 3146 χρήσαντος
1464 3075 1566 3129 τοῦ
1619 3071 1750 3131 θεοῦ
1799 3070 1901 3131 τᾶν

282 3154 545 3231 Ἕλληνα
584 3156 758 3232 φίλον
796 3155 1168 3231 προσθέσθαι,
1194 3155 1364 3236 ὑμέας
1402 3154 1511 3236 γὰρ
1552 3156 1898 3234 πυνθάνομαι

294 3242 634 3322 προεστάναι
678 3247 779 3318 τῆς
817 3240 1111 3311 Ἑλλάδος,
1148 3240 1318 3318 ῦμέας
1359 3240 1434 3301 ὧν
1478 3243 1617 3303 κατοὶ
1654 3243 1721 3303 τό
1762 3270 1898 3324 χρη-
