2184 3517
200 104 489 169 159-162]
841 103 1169 153 ΕΤΤΕΡΠΗ.
1718 102 1813 151 189

206 186 347 245 εἶναι
401 183 783 261 σοφωτάτους·
857 181 1224 245 συνελθόντες
1275 180 1337 240 δὲ
1390 179 1446 242 οἰ
1499 181 1812 263 Αἰγύπτιοι,

203 272 580 334 ἐπυνθάνοντο
603 275 714 332 τῶν
732 271 974 330 Ἠλείων
999 269 1279 350 λεγόντων
1305 267 1526 344 ἅπαντα
1549 269 1622 329 ταῖ
1648 270 1814 347 κατή-

204 386 289 421 κει
315 361 505 437 σφέας
529 359 737 419 ποιέειν
762 359 893 436 περὶ
922 356 1022 418 τὸν
1047 357 1254 437 ἀγῶνα·
1298 354 1730 437 α’πηγησάμενοι
1754 358 1815 418 δὲ

202 449 275 509 ταῖ
298 447 504 518 πάντα,
532 449 755 524 ἔφασαν
779 445 935 522 ἥκειν
969 443 1448 522 ἐπιμαθησόμενοι
1476 444 1529 503 εἴ
1550 470 1606 505 τι
1633 448 1813 524 ἔχοιεν

203 534 507 617 Αἰγύπτιοι
530 532 738 595 τούτων
765 532 1108 611 δικαιότερον
1133 532 1477 608 ἔπεξευρεῖν;
1510 535 1565 591 οἶ
1589 532 1649 593 δὲ
1673 534 1813 610 βου-

201 623 560 700 λευσάμενοι,
630 621 936 697 ἐπειρώτων
1000 618 1131 682 τοῦς
1180 617 1440 682 Ἠλείους
1492 620 1545 680 εἴ
1593 627 1706 697 σφι
1758 623 1814 683 οἶ

203 715 476 787 πολιῆται
516 711 968 793 ἐναγωνίζονταις
1018 711 1073 768 οἱ
1114 707 1174 767 δὲ
1214 708 1437 783 ἔφασαν
1478 708 1571 767 καὶ
1616 709 1811 786 σφέων

203 800 292 859 καὶ
346 804 460 860 τῶν
511 796 703 858 ἄλλων
753 796 1045 872 Ἑλλήνων
1097 794 1299 872 ὁμοίως
1350 798 1429 873 τῷ
1479 796 1812 879 βουλομένῳ

201 888 403 957 ἐξεῖναι
429 885 817 968 ἀγωνίζεσθαι.
887 887 941 944 οἰ
967 884 1027 944 δὲ
1052 881 1352 964 Αἰγύπτιοι
1377 883 1601 959 ἔφασαν
1626 885 1811 961 σφέας

204 975 349 1035 οὕτω
414 974 667 1037 τιθέντας
716 971 925 1035 παντός
976 974 1078 1032 τοῦ
1133 970 1347 1030 δικαίου
1412 970 1809 1049 ἡμαρτηκέναι·

199 1062 465 1139 οὐδεμίαν
490 1061 600 1142 γοῖρ
630 1061 769 1121 εἶναι
792 1058 1054 1138 μηχανὴν
1078 1057 1219 1122 ὅκως
1244 1056 1310 1117 οὗ
1335 1061 1412 1136 τῷ
1437 1057 1592 1137 «ἱστῷ
1616 1057 1811 1139 α”γωνι-

196 1151 412 1229 ζομένῳ
454 1149 899 1226 προσθήσονται,
940 1145 1250 1211 ἀδικέοντες
1287 1144 1389 1206 τᾶν
1428 1145 1625 1215 ξεῖνον·
1674 1146 1808 1207 ἀλλ’

196 1242 244 1299 εἰ
273 1237 347 1313 δὴ
379 1236 695 1315 βούλονται
735 1235 954 1300 δικαίως
990 1234 1219 1304 τιθέναι,
1254 1233 1348 1292 καὶ
1385 1231 1586 1294 τούτου
1629 1235 1810 1295 εἵνεκα

195 1326 498 1386 ἀπικοίατο
550 1329 608 1388 ἔς
658 1324 961 1404 Αἴγυπτον,
1009 1322 1243 1392 ξείνοισι
1294 1320 1644 1401 ἀγωνιστῇσι
1696 1324 1810 1383 ε’κέ-

194 1417 365 1474 λευον
404 1413 509 1474 τᾶν
548 1411 736 1493 ἆγῶνα
774 1411 1002 1482 τιθέναι,
1040 1409 1282 1469 Ἠλείων
1330 1410 1390 1467 δὲ
1432 1410 1628 1486 μηδενὶ
1664 1409 1803 1471 εἶναι

198 1500 593 1583 ἀγωνίζεσθαι.
672 1501 851 1559 ταῦτα
888 1500 993 1576 μὲν
1018 1496 1316 1580 Αἰγιξπτιοι
1354 1495 1639 1559 Ἠλείοισι
1677 1497 1806 1559 ὖπε·

205 1589 467 1666 θήκαντο.

278 1677 546 1754 Ψάμμιος
572 1676 632 1736 δὲ
659 1676 722 1746 ἓξ
746 1676 871 1736 ἔτεα
894 1677 1105 1753 μοῦνον
1122 1672 1579 1751 βασιλεύσαντος
1599 1675 1765 1757 Αἰγύ·
1786 1676 1898 1735 161

201 1790 358 1836 πτου,
409 1765 505 1824 καὶ
549 1764 1039 1842 στρατευσαμένου
1083 1767 1141 1826 ἐς
1193 1763 1506 1840 Αἰθιοπίην,
1564 1762 1656 1822 καὶ
1707 1788 1804 1840 με·

200 1854 432 1914 ταυτίκα
445 1851 901 1928 τελευτήσαντος,
923 1849 1238 1921 ἐξεδέξατο’
1239 1851 1457 1927 Απρίης
1477 1877 1508 1910 ο
1494 1849 1806 1928 ’Ψαμμιοφ

204 1967 261 2004 ος
284 1939 433 2018 μετοὶ
466 1941 824 2018 Ψαμμίτιχον
853 1937 954 1999 τόν
987 1941 1189 1998 ἑωυτοῦ
1222 1936 1554 2016 προπάτορα
1586 1939 1804 2019 ἐγένετο

204 2028 698 2106 εὐδαιμονέστατος
735 2030 848 2088 τῶν
884 2025 1159 2103 πρότερον
1204 2026 1512 2103 βασιλέων,
1558 2025 1643 2086 ἐπ’
1683 2027 1808 2087 ἔτεα

203 2118 365 2177 πέντε
413 2116 509 2176 καὶ
554 2118 732 2176 εἴκοσι
786 2113 974 2193 ἄρξας·
1043 2119 1105 2174 ἐν
1148 2118 1303 2174 τοῖσι
1348 2114 1444 2172 ε’πί
1480 2140 1544 2174 τε
1590 2114 1808 2178 Σιδῶνα

204 2204 450 2283 στρατδν
474 2202 662 2281 ἤλασε
694 2203 789 2263 καὶ
826 2201 1184 2314 ἐναυμάχησε
1217 2205 1295 2280 τῷ
1317 2200 1518 2279 Τυρίῳ.
1603 2202 1721 2261 ε’πεὶ
1746 2202 1811 2261 δέ

205 2296 257 2353 οἱ
281 2294 396 2353 ἔδεε
429 2318 609 2356 κακως
630 2291 913 2374 γενέσθαι,
948 2291 1166 2370 ἐγένετο
1197 2288 1310 2348 από
1348 2286 1672 2365 προφασιος
1701 2288 1807 2363 τὴν

204 2380 308 2463 ε’γω
345 2380 590 2457 μεζόνως
627 2382 733 2456 μὲν
766 2383 824 2439 ἐν
862 2382 1016 2438 τοῖσι
1046 2379 1356 2453 Λιβυκοῖσι
1395 2374 1626 2456 λόγοισι
1666 2375 1807 2453 οἷπη-

201 2470 472 2550 γήσομαι,
526 2468 762 2546 μετρίως
811 2466 858 2526 δ’
900 2472 959 2527 ε’ν
998 2469 1076 2544 τῷ
1115 2464 1396 2542 παρεόντι·
1466 2462 1808 2546 ἀποπέμψας

198 2557 311 2639 γάρ
344 2555 672 2635 στράτευμα
702 2555 735 2616 ὁ
767 2555 1001 2632 Ἀπρίης
1037 2524 1130 2614 ἐπὶ
1157 2552 1520 2630 Κυρηναίους,
1552 2557 1807 2633 μεγαλω-

202 2646 298 2706 στὶ
338 2645 754 2723 προσέπταισε.
839 2641 1134 2722 Αἰγύπτιοι
1173 2641 1233 2700 δὲ
1275 2644 1453 2701 ταῦτα
1494 2639 1807 2719 ἐπιμεμφό-

199 2759 373 2809 μενοι,
394 2732 728 2808 οἷπέστησαν
748 2729 841 2789 ἀπ’
864 2728 1051 2800 αὐτοῦ,
1068 2729 1351 2793 δοκέοντες
1369 2729 1470 2790 τᾶν
1486 2728 1725 2808 Ἀπρίην
1746 2735 1807 2790 ἐκ

199 2822 462 2898 προνοίης
510 2818 713 2882 αὐτοῦς
765 2817 1101 2895 ἀποπέμψαι
1141 2822 1197 2880 ἐς
1237 2817 1579 2894 φαινόμενον
1619 2818 1806 2889 κακὸν,

201 2909 290 2970 ἵνα
315 2909 387 2986 δὴ
421 2908 619 2985 σφέων
655 2904 844 2984 φθορή
884 2906 1114 2987 γένηται
1140 2903 1307 2967 αὖτος
1344 2905 1405 2964 δὲ
1442 2908 1554 2965 τῶν
1593 2909 1809 2966 λοιπῶν

197 2997 519 3079 Αἰγυπτίων
574 2994 1013 3071 ἀσφαλέστερον
1065 2991 1233 3071 ἄρχῃ·
1316 2996 1495 3052 ταῦτα
1547 2993 1609 3052 δὲ
1659 2992 1811 3053 δεινοὶ

197 3086 521 3161 ποιεύμενοι
560 3081 723 3142 αυτοί
748 3107 811 3142 τε
843 3084 898 3141 οἱ
937 3078 1431 3156 απονοστήσαντες
1471 3080 1564 3138 καὶ
1604 3082 1659 3138 οἱ
1698 3083 1809 3139 τῶν

199 3172 570 3249 ἀπολομένων
598 3170 777 3246 φίλοι,
805 3168 1139 3242 ἀπέστησαν
1167 3171 1226 3224 ἐκ
1252 3170 1353 3241 τῆς
1381 3167 1569 3241 ἰθείης.
1649 3172 1765 3225 Πυ-
1789 3169 1902 3226 162

199 3260 437 3338 θόμενος
475 3258 537 3319 δὲ
571 3256 807 3336 Ἀπρίης
841 3258 1033 3322 ταῦτα,
1060 3253 1270 3329 πέμπει
1298 3251 1382 3312 ἐπ’
1411 3252 1610 3317 αὐτοῦς
1626 3253 1808 3331 Ἀμα-
