2184 3517
635 458 1472 551 ,·ΗΡΟΔΟΤΟΥ

557 610 1078 683 ’[ΣΤοΡιΩΝ
1152 612 1669 717 ΔΕΥΤΕΡΗ.

1013 750 1216 815 -5—

303 1000 337 1063 1
436 1002 887 1081 Τελευτήσαντος
941 1004 1000 1064 δὲ
1050 1004 1243 1083 Κύρου
1289 1003 1589 1083 παρέλαβε
1635 998 1742 1079 τήν
1791 999 1971 1079 βασι·

355 1091 523 1168 ληΐην
555 1092 897 1170 Καμβύσης,
923 1092 1117 1169 Κύρου
1143 1093 1245 1154 ἐῶν
1269 1096 1402 1156 παῖς
1429 1093 1521 1152 καὶ
1547 1086 1973 1166 Κασσανδάνης

351 1184 455 1254 τῆς
503 1179 850 1259 Φαρνάσπεω
917 1180 1206 1262 θυγατρός·
1282 1185 1384 1255 τῆς
1432 1175 1966 1257 προαποθανούσης,

355 1272 544 1345 Κῦρος
587 1267 754 1332 αὖτός
791 1294 854 1328 τε
892 1269 1043 1349 μέγα
1075 1269 1280 1332 πένθος
1317 1267 1626 1344 ἐποιήσατο
1673 1265 1765 1325 καὶ
1810 1268 1970 1325 τοῖσι

352 1354 590 1415 ἄλλοισι
628 1358 862 1434 προεῖπε
895 1360 1045 1416 πᾶσι
1075 1361 1188 1417 τῶν
1227 1356 1369 1436 ἦρχε
1409 1357 1613 1418 πένθος
1647 1352 1962 1413 ποιέεσθαι·

351 1442 555 1518 ταύτης
575 1443 636 1502 δὲ
665 1440 768 1519 τῆς
802 1443 1062 1524 γυναικός
1089 1444 1193 1505 ἐών
1217 1448 1350 1507 παῖς
1377 1444 1469 1502 καὶ
1496 1442 1688 1520 Κύρου
1716 1439 1966 1519 Καμβύ-

355 1555 478 1606 σης,
508 1529 705 1594 ’(Ιωνας
738 1532 842 1607 μὲν
874 1532 966 1590 καὶ
999 1533 1241 1595 Αἰολέας
1275 1531 1348 1595 ὥς
1379 1530 1615 1602 δούλους
1652 1529 1967 1607 πατρωΐαυς

354 1617 543 1682 ἐόντας
569 1618 796 1695 ἐνόμιζε,
827 1619 920 1677 ἐπὶ
956 1618 1017 1678 δὲ
1048 1620 1336 1701 Αἴγυπτον
1370 1621 1616 1679 ἐποιέετο
1642 1622 1963 1695 στρατηλα-

353 1707 502 1782 σίην,
548 1705 760 1770 ἄλλους
799 1732 862 1766 τε
897 1708 1252 1785 παραλαβών
1294 1710 1406 1769 τῶν
1447 1706 1590 1787 ἦρχε
1632 1707 1724 1766 καὶ
1755 1705 1825 1784 δὴ
1867 1708 1965 1768 καὶ

364 1792 639 1869 Ελλήνων
659 1797 770 1855 τῶν
794 1794 1107 1873 ἐπεκράτεε.

298 1883 334 1939 2
435 1884 510 1943 Οἱ
548 1882 609 1942 δὲ
644 1882 956 1965 Αἰγύπτιοι,
992 1885 1125 1962 πρὶν
1157 1885 1262 1961 μὲν
1297 1882 1337 1961 ἢ
1375 1884 1735 1963 Ψαμμίτιχον
1767 1884 1968 1961 σφέων

351 1972 718 2048 βασιλεῦσαι,
741 1971 1033 2057 ἐνόμιζον“
1009 1998 1240 2036 εωυτους
1259 1971 1510 2051 πρώτους
1533 1973 1800 2054 γενέσθαι
1822 1971 1964 2034 πάν·

351 2083 462 2120 των
492 2058 808 2138 ἀνθρώπων·
866 2049 1055 2138 ἐπειδὴ
1110 2060 1170 2120 δὲ
1209 2060 1564 2141 Ψαμμίτιχος
1601 2059 1966 2145 βασιλεύσας

352 2144 604 2224 ἠθέλησε
650 2149 845 2209 εἰδέναι
887 2148 1085 2212 οἵτινες
1124 2150 1380 2230 γενοίατο
1416 2152 1644 2226 πρῶτοι,
1685 2148 1798 2210 αἶπό
1832 2148 1962 2212 τού·

351 2261 452 2296 του
492 2238 784 2315 νομίζουσι
821 2236 1044 2319 Φρύγας
1084 2238 1389 2314 προτέρους
1426 2236 1693 2348 γενέσθαι
1732 2239 1961 2308 {mm-6312,

333 2327 462 2403 ,τῶν
486 2325 546 2385 δὲ
571 2325 814 2386 ἄλλωνε
789 2325 1032 2389 emm-0153·
1084 2326 1442 2404 Ψαμμίτιχος
1473 2324 1586 2406 γὰρ
1612 2349 1686 2389 ως
1716 2323 1816 2384 οὐκ
1844 2323 1961 2385 ἐδύ-

354 2438 489 2475 νατο
532 2413 944 2491 πυνθανόμενος
982 2412 1161 2491 πόρον
1202 2413 1399 2473 ουδένα
1441 2412 1642 2473 τούτου
1694 2411 1960 2490 ἀνευρεῖν,

353 2499 409 2560 οἳ
436 2503 693 2583 γενοίατο
732 2506 943 2579 πρῶτοι
984 2501 1304 2580 ἀνθρώπων,
1341 2505 1695 2580 ἐπιτεχνᾶται
1724 2499 1960 2561 τοιόνδε·

352 2589 548 2648 παιδία
574 2589 671 2650 δύο
703 2589 902 2672 νεογνοὶ
934 2588 1239 2667 ἀνθρώπων
1268 2592 1379 2651 τῶν
1414 2587 1783 2669 ἐπιτυχόντων
1818 2588 1963 2651 διδοῖ

351 2677 576 2753 ποιμένι
601 2679 827 2755 τρέφειν
859 2683 915 2741 ἐς
952 2678 1026 2738 ro)
1061 2678 1295 2754 ποίμνια
1329 2676 1552 2755 τροφήν
1574 2702 1701 2737 τινα
1723 2675 1960 2755 τοιήνδε,

354 2764 734 2843 ἐντειλάμενος
771 2765 984 2843 μηδένα
1024 2765 1212 2827 α’ντίον
1244 2765 1425 2826 αὐτῶν
1452 2764 1729 2842 μηδεμίαν
1769 2765 1961 2842 φωνήν

356 2853 494 2913 ἱέναι
534 2858 592 2915 ἐν
632 2855 810 2936 στέγῃ
852 2854 913 2913 δὲ
947 2852 1128 2934 ἐρήμῃ
1165 2852 1251 2914 ἐπ’
1284 2856 1498 2914 ἐωυτῶν
1538 2853 1767 2913 κέεσθαι
1801 2852 1959 2926 αὐτὰ,

355 2942 448 3001 καὶ
485 2941 591 3018 τήν
638 2941 783 3019 ὥρην
824 2942 1132 3024 ἐπαγινέειν
1171 2946 1287 3017 σφι
1328 2941 1507 3023 αἶγας,
1554 2940 1861 3018 πλήσαντα
1899 2941 1961 3002 δὲ

352 3033 454 3089 τοῦ
509 3030 791 3111 γάλακτος
855 3028 1046 3089 τᾶλλα
1113 3028 1591 3106 διαπρήσσεσθαι·
1683 3031 1861 3090 ταῦτα
1912 3027 1962 3089 δ’

355 3118 538 3177 ἐποίεέ
559 3143 621 3176 τε
647 3117 738 3175 καὶ
764 3118 1083 3177 ἐνετέλλετο
1119 3115 1152 3175 ὅ
1178 3120 1551 3195 Ψαμμίτιχος,
1585 3115 1765 3177 θέλων
1792 3115 1962 3186 ,ἀκοῦ-

356 3227 459 3261 σαι
491 3208 601 3264 τῶν
630 3203 877 3274 παιδίων,
910 3203 1391 3281 ἀπαλλαχθέντων
1417 3207 1531 3264 τῶν
1570 3202 1806 3280 ἀσήμων
1837 3230 1959 3265 κνυ-

354 3287 623 3364 ζημάτων,
657 3288 849 3364 ἥντινα
882 3289 1074 3366 φωνὴν
1110 3289 1348 3366 ῥήξουσι
1377 3289 1623 3367 πρώτην·
1675 3289 1855 3368 τοίπερ
1882 3291 1961 3353 ὦν

2142 630 2158 653 ι.
