2184 3517
235 121 523 187 109—114]
909 123 1178 175 ΘΑΛΕῘΑ.
1748 129 1846 179 255

231 201 530 278 καλέομεν·
573 202 800 280 φορέειν
826 203 887 262 δὲ
910 201 1013 266 τάς
1038 201 1263 281 ὄρνιθας
1288 208 1345 266 ἐς
1374 204 1640 270 νεοσσιάς
1663 231 1845 284 προσ·

153 325 158 330 ·
232 291 642 366 πεπλασμένας
684 295 745 349 ἐκ
781 294 967 366 πηλοῦ
998 290 1139 367 πρὸς
1174 289 1585 366 ἀποκρήμνοισι
1627 294 1837 371 οὔρεσι,

234 378 370 438 ἔνθα
409 376 748 455 πρόσβασιν
788 376 1061 457 ἀνθρώπῳ
1097 378 1355 455 οὐδεμίαν
1389 379 1547 439 εἶναι·
1587 381 1730 460 πρὸς
1767 382 1840 444 ὧν

234 464 304 541 δὴ
329 470 510 525 ταῦτα
538 463 671 529 τούς
694 465 999 543 Ἀραβίους
1030 467 1373 542 σοφίζεσθαι
1404 465 1556 527 τάδε·
1596 471 1753 545 βοῶν
1777 497 1841 533 τε

223 555 329 615 ικαὶ
361 580 503 615 ονων
540 558 654 615 τῶν
692 554 1108 635 ἀπογινομένων
1148 555 1242 613 καὶ
1278 559 1389 615 τῶν
1420 553 1614 617 αλλων
1641 557 1841 631 υποζυ-

232 642 370 724 γίων
392 643 468 702 τά
499 643 679 720 μέλεα
711 642 1081 720 διαταμόντας
1118 641 1192 707 ῶς
1222 643 1484 724 μέγιστα,
1514 645 1814 721 κομίζειν’
1786 675 1844 714 ες

232 733 413 791 ταῦτα
442 730 516 791 ord
547 730 743 809 χωρία·
784 731 882 790 καί
914 736 1072 806 σφεα
1108 730 1304 794 θέντας
1336 730 1518 812 ἀγχοῦ
1543 737 1654 793 τῶν
1683 760 1842 795 νεοσ-

234 818 420 889 σιέων,
449 818 996 880 ἀπαλλάσσεσθαιε
971 818 1099 882 εκάς
1130 817 1356 879 αὐτέων·
1394 819 1498 882 τάς
1536 820 1595 879 δὲ
1621 818 1844 899 ὄρνιθας

235 906 725 984 καταπετεωμένας
746 906 819 968 τοὶ
844 910 955 967 τῶν
972 905 1285 988 ὑποζυγίων
1308 907 1491 984 μέλεα
1515 906 1846 988 ἀναφορέειν

236 997 328 1055 ἐπὶ
352 995 458 1059 τοῖς
481 995 768 1059 νεοσσιάς·
806 995 908 1059 τάς
933 995 994 1055 δὲ
1012 994 1078 1055 οὗ
1104 995 1411 1073 δυναμένας
1434 997 1620 1075 ἴσχειν
1645 1023 1844 1077 καταρ-

232 1083 555 1166 ρήγνυσθαι
607 1085 700 1145 ἐπὶ
749 1087 878 1166 γῆν·
936 1083 1068 1148 τούς
1120 1084 1181 1143 δὲ
1233 1082 1490 1148 ἐπιόντας
1542 1086 1847 1166 συλλέγειν

235 1171 379 1233 οὕτω
417 1172 484 1233 τό
525 1171 895 1250 κιννάμωμον·
971 1171 1397 1253 συλλεγόμενον
1434 1172 1496 1233 δὲ
1535 1178 1597 1232 ἐκ
1636 1173 1842 1235 τούτων

235 1258 603 1322 ἀπικνέεσθαι
645 1266 701 1325 ἐς
730 1260 831 1324 τοὶς
870 1259 1056 1325 ἄλλας
1094 1260 1299 1340 χώρας.
1378 1259 1459 1321 Τὰ
1502 1260 1563 1321 δὲ
1593 1260 1662 1337 δὴ
1703 1262 1806 1338 λή-
1825 1266 1940 1324 112

235 1348 419 1420 δανον,
463 1348 532 1410 τὰ
588 1350 859 1409 καλέουσι
895 1348 1164 1427 Ἀράβιοι
1215 1346 1478 1419 λάδανον,
1520 1349 1601 1409 ἔτι
1644 1349 1846 1410 τούτου

237 1437 705 1516 θωυμασιῶτερον·
734 1439 965 1518 γίνεται·
1020 1442 1080 1497 ἐν
1114 1436 1227 1518 γάρ
1261 1436 1659 1517 δυσοδμοτάτῳ
1696 1439 1846 1520 γινό-

233 1550 406 1602 μενον
433 1524 811 1586 εὖωδέστατόν
837 1530 983 1586 ἐστι·
1019 1529 1133 1586 τῶν
1154 1523 1269 1607 γάρ
1303 1528 1475 1607 αἰγῶν
1497 1529 1609 1586 τῶν
1625 1525 1847 1608 τράγων

237 1618 297 1673 ἐν
320 1618 478 1674 τοῖσι
502 1613 737 1696 πώγωσι
764 1613 1077 1691 εὑρίσκεται
1104 1612 1477 1694 ἐγγινόμενον,
1505 1614 1626 1674 οἷον
1649 1616 1846 1697 γλοιὸς

236 1699 351 1762 ἀπὸ
382 1705 485 1777 τῆς
523 1701 683 1779 ὕλης.
762 1702 1051 1782 χρήσιμον
1089 1700 1138 1761 δ’
1180 1706 1235 1764 ἐς
1272 1701 1470 1762 πολλοὶ
1507 1706 1619 1763 τῶν
1656 1702 1846 1781 μύρων

238 1790 383 1850 ἐστί·
426 1791 674 1868 θυμιῶσί
692 1815 758 1850 τε
780 1789 1039 1867 μάλιστα
1060 1792 1232 1850 τοῦτο
1257 1788 1541 1866 Ἀράβιοι.

316 1883 584 1939 Τοσαῦτα
605 1882 712 1958 μὲν
739 1877 1040 1957 θυωμάτων
1063 1877 1195 1957 πέρι
1222 1878 1482 1956 εἰρήσθω·
1524 1878 1718 1952 ἀπόζει
1744 1880 1805 1940 δὲ
1824 1884 1938 1941 113

235 1970 338 2043 τῆς
361 1967 549 2047 χώρης
581 1972 684 2044 τῆς
707 1966 984 2044 Ἀραβίης
1016 1966 1326 2028 θεσπέσιον
1357 1966 1431 2031 ῶς
1455 1967 1573 2044 ἡδύ.
1660 1968 1757 2029 δύο
1785 1969 1846 2029 δὲ

234 2056 403 2135 γένεα
455 2055 585 2116 ὀΐων
625 2056 744 2132 σφί
779 2060 903 2116 ἐστι
945 2054 1233 2132 θωύματος
1272 2052 1420 2125 ἀξια,
1459 2054 1533 2115 τοὶ
1574 2054 1844 2134 οὐδαμόθι

237 2144 468 2222 ἑτέρωθί
505 2148 647 2204 ἐστι·
687 2143 755 2206 τὰ
794 2145 899 2221 μὲν
929 2142 1138 2204 αὐτέων
1174 2143 1362 2220 ἕτερον
1396 2144 1512 2221 ἔχει
1546 2143 1648 2208 τάς
1679 2144 1845 2222 οὖράς

234 2231 471 2310 μακροῖς,
511 2234 681 2310 τριῶν
719 2231 948 2311 πήχεων
990 2230 1091 2291 οῦκ
1135 2229 1475 2293 ἐλάσσονας·
1528 2229 1630 2294 τάς
1672 2233 1725 2290 εἴ
1761 2258 1846 2296 τις

236 2321 394 2396 ἐπείη
449 2326 564 2396 σφι
627 2320 897 2390 ἐπέλκειν,
952 2320 1121 2378 ἕλκεα
1171 2315 1241 2378 ἂν
1292 2318 1495 2398 ἔχοιεν,
1543 2316 1842 2396 ἀνατριβο-

231 2409 446 2485 μενέων
482 2406 624 2487 πρὸς
672 2410 746 2487 τῇ
783 2411 861 2489 γῇ
900 2410 1014 2468 τῶν
1065 2406 1288 2484 οὐρέων·
1345 2409 1445 2466 νῦν
1488 2404 1535 2465 δ’
1575 2404 1723 2470 ἄπας
1759 2433 1845 2471 τις

232 2500 349 2557 τῶν
399 2498 691 2574 ποιμένων,
726 2497 1025 2556 ἐπίσταται
1076 2494 1431 2576 ξυλουργέειν
1477 2500 1534 2558 ἐς
1580 2499 1843 2556 τοσοῦτο·
1877 2514 1913 2546 Ι

233 2582 512 2661 ἁμαξίδας
567 2584 679 2665 γάρ
737 2588 1037 2653 ποιεῦντες,
1101 2581 1406 2642 ὖποδέουσι
1477 2581 1648 2646 αὖτάς
1707 2586 1846 2662 τῇσι

233 2671 461 2752 οὐρῇσι,
504 2671 623 2736 {vde
663 2672 902 2732 ἑκάστου
943 2670 1170 2748 κτήνεος
1213 2669 1318 2747 τήν
1360 2669 1531 2749 οὗρήν
1571 2670 1663 2733 ἐπὶ
1703 2671 1844 2750 οἶμα-

232 2760 363 2830 ξίδα
406 2759 652 2837 ἑκάστην
694 2761 1070 2823 καταδέοντες·
1116 2757 1185 2819 τό
1217 2758 1278 2818 δὲ
1314 2759 1501 2837 ἕτερον
1537 2761 1698 2841 γένος
1734 2765 1847 2821 τῶν

230 2848 368 2910 ὀΐων
407 2848 511 2913 τοῖς
560 2847 729 2928 οὗράς
765 2848 1015 2911 πλατέας
1057 2847 1349 2925 φορέουσι,
1393 2848 1487 2906 καὶ
1531 2849 1622 2907 ἐπὶ
1657 2851 1846 2928 πῆχυν

230 2936 475 3001 πλάτος.

312 3023 794 3103 Ἀποκλινομένης
844 3024 905 3084 δὲ
954 3021 1321 3100 μεσαμβρίης
1376 3020 1615 3098 παρήκει
1665 3021 1808 3099 πρὸς
1825 3023 1941 3083 114

230 3112 471 3174 δύνοντα
502 3113 669 3189 ἥλιον
700 3113 739 3189 ἦ
775 3110 1042 3185 Αἰθιοπίη
1076 3108 1251 3187 χώρη,
1281 3108 1498 3187 ἐσχάτη
1529 3113 1640 3170 τῶν
1675 3113 1846 3169 οἰκεο-

225 3201 435 3279 μένων·
491 3200 632 3277 αὕτη
671 3201 733 3259 δὲ
770 3196 988 3278 χρυσόν
1025 3220 1089 3256 τε
1131 3198 1293 3273 φέρει
1330 3196 1554 3256 πολλὸν
1595 3197 1688 3255 καὶ
1728 3198 1843 3257 ἐλέ-

229 3295 454 3366 φαντας
490 3287 878 3368 ἀμφιλαφέας,
917 3284 1011 3344 καὶ
1050 3282 1277 3360 δένδρεα
1307 3283 1493 3344 πάντα
1523 3281 1709 3360 ἄγρια,
1754 3284 1846 3343 καὶ
