2184 3517
266 107 554 174 117—120]
852 112 1309 163 anommm.
1780 118 1876 170 327

260 193 416 267 χρῆν
454 187 626 250 αὖτόν
665 186 886 250 πάντων
924 193 1037 250 τῶν
1082 189 1278 251 ἄλλων
1319 190 1687 270 ἀπεχόμενον,
1733 193 1876 255 οὕτω

264 277 406 337 ἰέναι
438 277 530 336 ἐπὶ
566 274 672 352 τὴν
709 275 1001 354 ἡμετέρην·
1043 278 1136 337 καὶ
1173 275 1242 337 ἂν
1267 277 1471 354 ἐδήλου
1496 283 1659 351 πᾶσι,
1689 279 1759 344 ὥς
1786 283 1879 342 ἐπὶ

263 364 488 429 Σκύθας
528 364 748 425 ἐλαύνει
787 366 879 424 καὶ
920 365 1022 424 οὐκ
1066 365 1159 424 ἐπὶ
1200 365 1331 429 τούς
1376 364 1607 429 ἄλλους.
1675 372 1772 428 νῦν
1812 371 1872 430 δὲ

260 454 392 512 ἐπεί
426 478 489 512 τε
527 451 774 532 τάχιστα
810 453 975 529 διέβη
1001 452 1167 528 τήνδε
1196 452 1301 530 τὴν
1338 452 1587 531 ἤπειρον,
1612 455 1743 519 τούς
1768 458 1878 517 αἰεὶ

260 540 524 616 ἐμποδών
561 541 887 621 γινομένους
925 540 1232 618 ἡμεροῦται
1267 541 1500 605 πάντας·
1539 542 1670 606 τούς
1708 569 1771 604 τε
1806 544 1876 621 δὴ

259 625 478 691 ἅλλους
520 629 636 707 ἔχει
679 627 773 688 ὑπ’
818 631 995 708 ἑωυτῷ
1033 628 1293 707 Θρήϊκας,
1337 629 1430 689 καὶ
1482 629 1551 705 δὴ
1603 632 1698 690 καὶ
1747 631 1878 697 τούς

257 714 398 792 ἡμῖν
419 715 609 779 ἐόντας
632 716 1063 795 πλησιοχωρους
1087 717 1314 781 Γέτας.”
1375 722 1564 778 Ταῦτα
1580 719 1835 783 Σκυθέων
1855 723 1966 782 119

260 804 782 914 ἐπαγγελλομένων,
799 803 1172 880 ἐβουλεύοντο
1194 809 1248 864 οἶ
1271 806 1545 882 βασιλέες
1561 831 1616 866 οι
1630 805 1743 867 ἀπο
1764 811 1876 869 τῶν

259 882 523 952 εθνέων“’
485 917 729 968 ηκοντες·
770 893 868 951 καί
888 899 1081 968 σφεων
1108 893 1465 971 ἐσχίσθησαν
1491 919 1550 952 αι
1572 898 1807 973 γνῶμαι·
1841 894 1874 956 ὅ

256 980 366 1054 μὲν
389 979 518 1088 γάρ
527 978 797 1050 Γελωνος,
826 980 919 1039 καὶ
944 979 977 1040 ὁ
1004 980 1285 1049 Βουδῖνος,
1313 981 1405 1039 καὶ
1432 979 1463 1039 ὁ
1491 981 1871 1059 Σαυρομάτης,

261 1066 408 1127 κατά
440 1066 616 1128 τῶυτό
652 1066 957 1148 γενόμενοι,
983 1065 1317 1128 ὕπεδέκοντο
1354 1066 1610 1145 Σκύθῃσι
1633 1071 1872 1147 τιμωρή-

260 1179 407 1214 σειν·
442 1182 475 1214 ο
459 1154 561 1214 ’δὲ
585 1153 956 1234 Ἀγαθυρσος,
976 1155 1069 1214 καὶ
1095 1154 1329 1233 Νευρος,
1349 1155 1442 1214 καὶ
1465 1154 1869 1236 Ἀνδροφάγος,

260 1242 355 1300 καὶ
382 1245 436 1302 οἱ
461 1246 571 1302 τῶν
597 1243 1051 1323 Μελαγχλαίνων
1078 1243 1173 1302 καὶ
1196 1242 1437 1320 Ταύρων,
1458 1242 1603 1303 τάδε
1618 1243 1871 1324 Σκύθῃσι

258 1328 641 1406 ὑπεκρίναντο·
677 1340 714 1366 “
731 1334 779 1390 εἰ
803 1332 908 1407 μὲν
933 1329 1014 1407 μὴ
1039 1329 1198 1408 ὑμεῖς
1224 1331 1347 1390 ἔατε
1375 1334 1429 1391 οἶ
1453 1330 1726 1409 πρότερον
1751 1332 1865 1392 ἀδι·

261 1416 534 1492 κήσαντες
559 1419 792 1495 Πέρσας
817 1419 910 1477 καὶ
937 1417 1198 1494 ἄρξαντες
1224 1419 1497 1495 πολέμου,
1519 1418 1869 1480 τούτωνδεό-

258 1530 423 1580 μενοι
457 1510 567 1566 τῶν
601 1509 701 1566 νῦν
736 1505 933 1566 δέεσθε
968 1506 1158 1586 λέγειν
1193 1530 1256 1566 τε
1292 1505 1361 1566 ἂν
1399 1508 1699 1582 ἐφαίνεσθε
1732 1507 1869 1584 ἡμῖν

260 1590 423 1669 ὀρθοὶ,
453 1593 543 1652 καὶ
569 1592 729 1671 ἡμεῖς
766 1592 1184 1657 ὖπακούσαντες
1208 1592 1384 1654 τῶυτό
1412 1593 1480 1654 ἂν
1503 1594 1635 1672 ὖμῖν
1661 1594 1868 1673 ἐπρήσ-

261 1704 463 1755 σομεν·
503 1684 601 1741 νῦν
637 1681 697 1741 δὲ
730 1680 889 1758 ὔμεῖς
927 1707 990 1741 τε
1029 1687 1085 1745 ἐς
1126 1682 1231 1759 τὴν
1263 1682 1480 1743 ἐκείνων
1522 1684 1867 1759 ἐσβαλόντες

260 1772 372 1848 γῆν
397 1766 526 1828 ἄνευ
565 1768 767 1845 ἡμέων,
802 1770 1160 1847 ἐπεκρατέετε
1194 1771 1462 1848 Περσέων
1486 1769 1627 1830 ὅσον
1660 1770 1865 1848 χρόνον

258 1881 395 1931 υμιν
420 1883 453 1916 ο
480 1856 606 1920 θεος
629 1856 946 1934 παρεδίδου·
987 1858 1081 1916 καὶ
1109 1860 1321 1928 ἐκεῖνοι,
1344 1858 1468 1918 ἐπεί
1487 1864 1672 1933 σφεας
1696 1884 1868 1921 ωυτος

261 1941 393 2006 θεος
430 1945 645 2024 ε’γείρει,
680 1944 785 2022 τὴν
825 1944 1025 2022 ὁμοίην
1059 1944 1194 2022 υμῖν
1227 1943 1577 2005 ἀποδιδουσι·
1616 1945 1776 2023 ἡμεῖς
1806 1947 1867 2007 δὲ

259 2030 392 2090 οὔτε
426 2058 483 2091 τι
510 2030 640 2093 τότε
675 2032 1024 2110 ἠδικήσαμεν
1047 2058 1178 2095 τους
1214 2030 1416 2109 ἄνδρας
1439 2032 1667 2097 τούτους
1692 2032 1865 2105 ουδὲν,

259 2144 392 2178 ουτε
424 2124 522 2180 νῦν
555 2120 819 2198 πρότεροι
854 2119 1242 2198 πειρησόμεθα
1276 2118 1529 2180 ἀδικέειν·
1569 2119 1639 2195 ἢν
1674 2121 1867 2199 μέντοι

260 2207 394 2284 ἐπίῃ
420 2207 514 2266 καὶ
541 2208 633 2267 ἐπὶ
659 2207 764 2285 τήν
788 2207 1062 2285 ἡμετέρην
1076 2206 1218 2285 ἄρξῃ
1242 2232 1305 2267 τε
1331 2204 1574 2278 ἀδικέων,
1590 2209 1683 2266 καὶ
1705 2208 1866 2284 ἡμεῖς

258 2292 330 2354 οὗ
354 2294 689 2373 πεισόμεθα·
728 2298 899 2375 μέχρι
924 2297 985 2356 δὲ
1008 2299 1176 2356 τοῦτο
1201 2295 1417 2371 ἴδωμεν,
1443 2294 1711 2372 μενέομεν
1734 2295 1867 2374 παρ’

256 2380 400 2458 ἡμῖν
442 2382 684 2444 αὐτοῖσι·
740 2384 895 2459 ἥκειν
943 2382 1056 2464 γὰρ
1106 2383 1369 2459 δοκέομεν
1409 2380 1512 2442 οὐκ
1565 2381 1649 2441 ἐπ’
1691 2382 1868 2460 ἡμέας

259 2470 515 2547 Πέρσας,
549 2469 683 2530 ἀλλ’
722 2471 814 2532 ἐπὶ
847 2470 980 2536 τούς
1014 2471 1223 2535 αἰτίους
1250 2474 1353 2548 τῆς
1390 2468 1603 2547 ἀδικίης
1639 2472 1865 2550 γενομέ-

258 2556 441 2620 νους.”

342 2649 531 2706 Ταῦτα
546 2646 618 2710 ὥς
632 2646 1027 2726 ἀπενειχθέντα
1045 2645 1317 2708 ἐπύθοντο
1338 2650 1392 2707 οἱ
1409 2645 1637 2717 Σκύθαι,
1658 2647 1822 2725 ἐβου·
1842 2648 1958 2707 120

257 2731 494 2793 λεύοντο
536 2735 835 2814 ἰθυμαχίην
871 2737 975 2812 μὲν
1012 2736 1288 2815 μηδεμίαν
1325 2736 1619 2797 ποιέεσθαι
1662 2739 1722 2795 ἐκ
1764 2739 1867 2796 τοῦ

259 2821 557 2897 ἐμφανέος,
588 2821 701 2901 (ὅτι
740 2822 809 2898 δή
845 2829 958 2898 σφι
998 2821 1157 2883 οὗτοί
1183 2847 1251 2903 γε
1276 2822 1569 2903 σύμμαχοι
1594 2822 1660 2883 οὗ
1686 2848 1864 2901 προσ-

257 2910 551 2990 ἐγίνοντο)
603 2910 919 2980 ὖπεξιόντες
970 2911 1030 2970 δὲ
1077 2910 1197 2992 [καὶ
1246 2908 1731 2993 ὑπεξελαύνοντες]
1793 2910 1867 2971 τὰ

257 2998 481 3073 φρέατα
506 2999 579 3058 τοὶ
602 2997 916 3076 παρεξίοιεν
941 2997 1100 3059 αὐτοὶ
1126 2998 1220 3056 καὶ
1243 2996 1343 3060 τάς
1369 2996 1570 3074 κρήνας
1595 3002 1864 3079 συγχοῦν,

256 3084 365 3161 τὴν
405 3087 577 3163 ποίην
615 3111 679 3147 τε
725 3090 787 3144 ἐκ
828 3089 929 3162 τῆς
970 3089 1078 3167 γῆς
1130 3085 1427 3161 ἐκτρίβειν,
1475 3083 1635 3163 διχοῦ
1681 3085 1867 3160 σφέας

256 3172 557 3239 διελόντες·
598 3174 691 3232 καὶ
726 3172 869 3250 πρὸς
904 3176 1010 3251 μὲν
1041 3173 1148 3249 τὴν
1184 3171 1321 3248 μίαν
1358 3175 1468 3233 τῶν
1491 3171 1727 3249 μοιρέων
1764 3174 1865 3245 τῆς

259 3268 572 3343 ἐβασίλευε
599 3261 915 3330 Σκώπασις,
934 3260 1317 3337 προσχωρέειν
1333 3256 1716 3335 Σαυρομάτας·
1742 3255 1864 3315 τού-
