2184 3517
320 93 419 142 268
927 96 1300 147 ἨΡΟΔΟΤΟΤ
1768 94 1931 196 ἰ[ΪΙῘ.

318 170 424 247 τήν
449 171 713 236 Μῶωνος
739 173 1016 255 θυγατέρα
1042 173 1382 252 Δημοκήδης
1404 175 1661 255 γυναῖκα·
1691 177 1796 234 τοῦ
1819 174 1940 255 γὰρ

319 257 391 334 δὴ
441 261 768 320 παλαιστέω
821 261 1085 326 Μίλωνος
1136 261 1208 338 ἦν
1232 260 1462 338 οὕνομα
1506 261 1733 322 πολλὰν
1778 263 1942 339 παρὰ

320 347 582 421 βασιλέϊ·
639 347 781 418 κατοὶ
828 348 897 424 δή
941 348 1129 430 τοῦτό
1161 374 1263 426 μοι
1306 349 1486 409 δοκέει
1537 351 1794 409 σπεῦσαι
1831 350 1940 412 τὸν

322 433 506 513 γάμον
530 438 730 495 τοῦτον
755 436 994 500 τελέσας
1024 434 1290 515 χρήματα
1321 436 1547 516 μεγάλα
1575 436 1938 513 Δημοκήδης,

328 523 416 582 ἵνα
456 528 611 601 φανῇ
640 523 781 600 πρός
812 525 1051 601 Δαρείου
1083 524 1187 584 ε’ὢν
1220 524 1312 583 καὶ
1345 529 1404 584 έν
1434 527 1508 603 τῇ
1547 528 1755 584 ἑωυτοῦ
1788 524 1940 585 δόκι-

233 611 349 670 138
368 636 494 687 μος.
572 609 937 690 Ἀναχθέντες
965 612 1083 672 δὲ’
1056 638 1119 672 εκ
1149 615 1251 687 τῆς
1284 610 1581 688 Κρότωνος
1611 614 1668 671 οἶ
1709 611 1943 690 Πέρσαι

326 698 659 758 ἐκπίπτουσι
681 703 820 777 τῇσι
845 700 1013 774 νηυσὶ
1039 704 1097 763 ἐς
1128 697 1436 807 Ἰηπυγίην·
1479 700 1577 758 καί
1599 704 1787 774 σφεας
1811 699 1941 760 δου-

327 775 611 849 λεύοντας
637 787 872 847 ἐνθαῦτα
914 788 1127 850 Γίλλος
1174 786 1318 864 οἷνήρ
1366 790 1704 864 Ταραντῖνος
1751 787 1942 868 φυγᾶς

333 872 661 951 ῥυσάμενος,
704 873 963 955 ἀπήγαγε
999 873 1156 950 παρὰ
1195 875 1457 948 βασιλέα
1499 876 1762 951 Δαρεῖον·
1804 874 1838 934 ὁ
1876 874 1942 936 δὲ

329 959 455 1021 ἀντὶ
487 960 697 1022 τούτων
730 964 951 1038 ἑτοῖμος
979 960 1049 1038 ἦν
1084 961 1296 1023 διδόναι
1324 965 1494 1022 τοῦτο
1519 960 1552 1021 ὅ
1577 987 1632 1021 τι
1657 961 1941 1037 βούλοιτο

329 1047 514 1114 αύτός·
570 1050 784 1112 Γίλλος
817 1049 879 1108 δὲ
913 1050 1157 1128 αἶρέεται
1198 1048 1434 1111 κάτοδόν
1480 1052 1536 1109 οἱ
1576 1054 1633 1113 ές
1675 1048 1942 1126 Τάραντα

326 1137 606 1216 γενέσθαι,
645 1136 1194 1218 προαπηγησάμενος
1232 1137 1339 1213 τήν
1376 1135 1703 1213 συμφορήν·
1747 1137 1838 1197 ἴνα
1877 1137 1942 1197 δὲ

327 1223 409 1299 μὴ
452 1224 770 1304 συνταράξῃ
809 1225 916 1300 τήν
952 1224 1225 1295 Ἑλλάδα,
1270 1223 1341 1300 ἢν
1388 1223 1458 1284 δι’
1505 1224 1676 1285 αὐτὸν
1723 1224 1942 1289 στόλος

329 1313 506 1393 μέγας
529 1313 678 1391 πλέῃ
705 1313 797 1373 ἐπὶ
822 1312 927 1389 τήν
951 1311 1220 1389 Ἰταλίην,
1247 1312 1509 1375 Κνιδίους
1532 1313 1773 1390 μούνους
1796 1311 1940 1373 οἷπο-

327 1404 475 1478 χρᾶν
510 1403 564 1460 οἳ
595 1402 706 1476 ἔφη
735 1399 866 1463 τοῦς
897 1399 1241 1481 κατάγοντας
1270 1401 1546 1481 γίνεσθαι,
1580 1401 1786 1460 δοκέων
1818 1396 1940 1461 άπό

329 1485 537 1546 τούτων
564 1486 762 1547 ἐόντων
785 1491 940 1548 τοῖσι
965 1488 1358 1565 Ταραντίνοισι
1377 1488 1565 1563 φίλων
1578 1485 1838 1564 μάλιστα
1865 1487 1938 1564 δὴ

330 1573 433 1649 τήν
467 1573 700 1635 κάτοδόν
731 1577 786 1633 οἶ
818 1575 1070 1636 ἔσεσθαι.
1149 1579 1387 1652 Δαρεῖος
1427 1575 1488 1634 δὲ
1527 1574 1941 1652 ὑποδεξάμενος

333 1663 604 1721 ἐπετέλεε·
645 1663 872 1740 πέμψας
909 1662 1020 1743 γὰρ
1053 1661 1301 1745 ἄγγελον
1336 1668 1394 1727 ἐς
1425 1663 1635 1724 Κνίδον
1676 1663 1941 1744 κατάγειν

333 1750 517 1826 σφέας
559 1751 777 1810 ἐκέλευε
818 1751 1033 1812 Γίλλον
1076 1756 1133 1816 ἐς
1172 1751 1448 1827 Τάραντα·
1505 1750 1830 1829 πειθόμενοι
1876 1753 1942 1812 δὲ

334 1839 551 1917 Δαρείῳ
577 1838 797 1898 Κνίδιοι
822 1839 1192 1916 Ταραντίνους
1219 1837 1318 1899 οὐκ
1345 1838 1420 1900 ὧν
1445 1839 1684 1910 ἔπειθον,
1711 1840 1854 1916 βίην
1878 1840 1941 1900 δὲ

336 1924 594 1986 α’δύνατοι
632 1924 786 2001 ἦσαν
827 1928 1194 2004 προσφέρειν.
1273 1931 1452 1987 ταῦτα
1500 1929 1607 2004 μέν
1656 1952 1761 1988 νυν.
1795 1926 1942 1987 οὕτω

334 2013 607 2092 ἐπρήχθη·
663 2011 817 2074 οὗτοι
859 2014 921 2074 δὲ
960 2019 1173 2091 πρῶτοι
1215 2019 1277 2075 ἔκ
1328 2019 1431 2091 τῆς
1479 2014 1680 2090 Ἀσίης
1732 2019 1792 2078 ἔς
1833 2014 1943 2091 τήν

331 2100 587 2162 Ἑλλάδα
626 2100 894 2163 ἀπίκοντο
936 2104 1179 2179 Πέρσαι,
1224 2103 1317 2162 καὶ
1370 2100 1525 2163 οὗτοι
1577 2102 1670 2163 διὰ
1720 2102 1942 2165 τοιόνδε

337 2195 573 2271 πρῆγμα
611 2190 960 2251 κατάσκοποι
996 2192 1272 2271 ἐγένοντο.
1455 2222 1464 2232 ·

244 2281 356 2339 139
441 2279 605 2340 Μετοὶ
641 2279 702 2339 δὲ
732 2283 923 2349 ταῦτα,
958 2278 1154 2355 Σάμον
1185 2278 1467 2355 βασιλεῦς
1503 2281 1740 2356 Δαρεῖος
1766 2279 1943 2357 αἱρέει

332 2369 545 2428 πολίων
573 2368 801 2428 πασέων
838 2365 1065 2445 πρώτην
1096 2366 1443 2441 Ἑλληνίδων
1474 2365 1567 2426 καὶ
1601 2366 1939 2443 βαρβάρων,

334 2454 425 2515 διὰ
449 2454 666 2532 τοιήνδε
691 2455 815 2515 τινοὶ
840 2454 1039 2530 αἰτίην·
1073 2454 1406 2531 Καμβύσεω
1431 2458 1531 2514 τοῦ
1552 2453 1748 2529 Κύρου
1765 2480 1941 2532 στρα-

332 2543 627 2620 τευομένου
681 2542 765 2601 ἐπ’
808 2543 1111 2623 Αἴγυπτον,
1156 2541 1329 2602 ἄλλοι
1368 2567 1432 2603 τε
1475 2541 1681 2621 συχνοὶ
1729 2546 1787 2606 ἐς
1833 2542 1942 2619 τήν

331 2632 616 2711 Αἴγυπτον
651 2628 917 2690 ἀπίκοντο
950 2628 1256 2705 Ἑλλήνων,
1283 2632 1338 2689 οἳ
1372 2632 1493 2706 μὲν,
1521 2629 1594 2693 ὥς
1619 2628 1789 2699 οῖκός,
1817 2636 1941 2690 κατ’

334 2717 621 2795 ἐμπορίην,
649 2720 704 2776 οἱ
735 2717 797 2777 δὲ
832 2716 1280 2795 στρατευόμενοι,
1309 2720 1364 2776 οἱ
1389 2717 1454 2776 δέ
1474 2742 1619 2781 τινες
1645 2716 1739 2776 καὶ
1766 2716 1943 2793 αὐτῆς

333 2811 434 2880 τῆς
471 2803 657 2883 χώρης
697 2806 905 2880 θεηταὶ,
944 2809 1057 2884 τῶν
1092 2803 1164 2881 ἦν
1199 2804 1293 2864 καὶ
1333 2805 1606 2869 Συλοσῶν
1631 2802 1666 2864 ὅ
1702 2803 1943 2869 Αἰάκεος

334 2891 727 2969 Πολυκράτεός
751 2917 812 2951 τε
840 2891 941 2951 ἔῶν
960 2891 1238 2967 άδελφεός
1263 2893 1356 2951 καὶ
1382 2891 1605 2973 φεύγων
1629 2896 1692 2952 ἐκ
1721 2892 1941 2969 Σάμου.

332 2983 531 3039 τοῦτον
555 2979 654 3038 τόν
681 2980 1026 3042 Συλοσῶντα
1052 2980 1339 3057 κατέλαβε
1367 2979 1593 3059 εύτυχίη
1618 3006 1705 3044 τις
1728 2980 1941 3056 τοιήδε·

335 3065 534 3138 λαβων
557 3066 799 3142 χλανίδα
834 3066 927 3124 καὶ
962 3067 1416 3145 περιβαλόμενος
1449 3093 1670 3146 πυρρην
1694 3066 1947 3149 ἠγόραζε

341 3152 401 3205 ἐν
432 3153 504 3224 τῇ
539 3152 764 3226 Μέμφι·
807 3152 932 3212 ιδων
958 3153 1019 3212 δὲ
1054 3152 1226 3216 αύτον
1252 3159 1506 3233 Δαρεῖος,
1533 3156 1852 3234 δορυφόρος
1878 3182 1947 3217 τε

337 3230 439 3287 ἔων
468 3236 797 3307 Καμβύσεω
830 3239 923 3296 καὶ
954 3238 1134 3318 λόγου
1160 3239 1380 3306 οὐδενός
1405 3268 1484 3303 κω
1507 3244 1787 3320 μεγάλου,
1816 3250 1945 3305 έτιέΒ
