2184 3517
361 83 430 138 20
981 88 1352 140 ἨΡΟΔΟΤΟΤ
1947 124 1961 139 .

361 170 466 247 μὶν
476 168 775 232 Ἐπίστιον
793 171 1023 242 καλέων,
1044 167 1202 232 διότι
1212 170 1281 248 δὴ
1307 161 1536 230 οἰκίοισι
1558 163 1969 247 ύποδεξάμενος

354 283 460 318 ’τον
491 258 669 328 ξεῖνον
705 259 884 335 φονέα
913 263 1018 320 τοῦ
1045 258 1245 323 παιδος
1277 256 1544 319 ἐλάνθανε
1572 256 1824 333 βόσκων·
1862 256 1968 317 τὸν

361 343 424 408 δὲ
445 342 775 423 Ἑταιρήῖον,
804 345 877 410 ὥς
907 346 1139 424 φύλακα
1170 346 1514 425 συμπέμψας
1543 343 1713 406 αὗτόν
1742 344 1968 424 εὖρήκοι

265 432 342 492 45
357 433 821 515 πολεμιώτατον.)
902 438 1188 513 Παρῆσαν
1227 434 1288 494 δὲ
1324 432 1468 512 μετὰ
1499 436 1668 494 τοῦτο
1702 435 1757 493 οἶ
1787 433 1968 495 Λυδοὶ

362 520 626 598 φέροντες
657 519 758 583 τᾶν
787 521 998 600 νεκρόν·
1037 521 1246 583 ὄπισθε
1278 523 1340 582 δὲ
1370 521 1556 582 εἵπετό
1587 524 1643 582 οἱ
1677 519 1711 581 ὅ
1726 521 1963 597 φονεύς·

360 607 504 673 στάς
553 608 614 669 δὲ
663 607 826 673 οὗτος
873 610 986 689 πρό
1029 614 1133 672 τοῦ
1171 614 1383 690 νεκροῦ,
1428 609 1722 688 παρεδίδου
1764 608 1969 671 ἑωυτόν

360 697 594 777 Κροίσῳ
633 700 933 775 προτείνων
973 698 1077 763 τοῖς
1120 703 1328 780 χεῖρας,
1369 697 1822 775 ἐπικατασφάξαι
1866 724 1968 775 μιν

359 784 598 845 κελεύων
634 790 713 866 τῷ
749 790 936 866 νεκρῷ,
978 788 1161 868 λέγων
1197 786 1302 863 τήν
1339 812 1404 847 τε
1441 786 1718 865 προτέρην
1762 790 1967 847 ἑωυτοῦ

304 875 310 879 ’
359 873 680 952 συμφορήν,
709 875 803 933 καὶ
840 873 911 937 ὦς
942 873 1027 934 ἐπ’
1053 876 1231 955 ἐκείνῃ
1259 873 1360 935 τόν
1391 873 1709 954 καθήραντα
1742 872 1965 935 ἀπολω-

358 961 536 1025 λεκώς
561 962 664 1040 εἴη·
697 962 827 1022 οὐδέ
844 966 899 1022 οἱ
926 963 1011 1039 ε’ίη
1035 963 1339 1041 βιώσιμον.
1403 967 1653 1041 Κροῖσος
1672 962 1733 1023 δὲ
1755 962 1966 1024 τούτων

354 1044 618 1120 ἀκούσας,
648 1049 746 1111 τόν
783 1067 848 1110 τε
875 1048 1198 1128 Ἀδρηστον
1234 1052 1592 1128 κατοικτείρει
1631 1051 1829 1130 καίπερ
1860 1051 1965 1112 ε’ὢν

357 1139 419 1195 ἐν
442 1142 592 1218 κακῷ
609 1138 795 1218 οἰκηίῳ
817 1137 1084 1219 τοσούτῳ,
1109 1139 1201 1198 καὶ
1225 1139 1381 1220 λέγει
1403 1137 1546 1218 πρός
1569 1136 1756 1199 aba-6112
1791 1139 1961 1218 κἔχω,

357 1221 402 1283 ὦ
432 1224 592 1295 ξεῖνε,
618 1226 772 1305 παρὰ
803 1230 908 1287 σεῦ
938 1229 1133 1286 πᾶσαν
1164 1225 1269 1302 τὴν
1301 1227 1473 1303 δίκην,
1502 1225 1689 1304 ἐπειδὴ
1715 1229 1962 1287 σεωυτοῦ

355 1313 732 1385 καταδικάζεις
772 1313 1029 1375 θάνατον·
1072 1313 1151 1378 εἷς
1196 1315 1257 1374 δὲ
1303 1314 1369 1374 οὗ
1407 1314 1485 1375 σύ
1521 1340 1622 1391 μοι
1658 1314 1822 1374 τοῦδε
1856 1318 1963 1375 τοῦ

358 1404 530 1460 κακοῦ
556 1401 747 1472 αἴτιος,
769 1404 817 1460 εἶ
839 1401 921 1479 μὴ
940 1400 1082 1462 ὅσον
1102 1399 1276 1462 άέκων
1302 1401 1627 1484 ἐξεργάσαο,
1645 1400 1800 1462 ἀλλά
1820 1403 1962 1468 θεῶν

358 1485 460 1546 κού
480 1514 568 1552 τις
597 1488 659 1553 ὅς
687 1514 789 1567 μοι
820 1489 914 1547 καὶ
943 1488 1125 1549 Ιπάλαι
1158 1488 1542 1567 προεσήμαινε
1570 1487 1642 1550 τοῖ
1671 1490 1961 1565 μέλλοντα

356 1574 642 1637 ἔσεσθαι.”
721 1579 975 1654 Κροῖσος
1003 1577 1112 1655 μέν
1139 1603 1238 1638 νυν
1270 1577 1444 1655 ἔθαψε
1477 1576 1551 1642 ὥς
1582 1576 1732 1641 οῖκὸς
1763 1575 1836 1653 ἦν
1856 1577 1962 1640 τᾶν

352 1666 558 1723 ’ἑωυτοῦ
587 1664 773 1724 παῖδα.
847 1663 1168 1743 ”Αδρηστος
1197 1665 1259 1725 δὲ
1295 1664 1328 1727 ὅ
1360 1665 1599 1743 Γορδίεω
1622 1669 1725 1725 τοῦ
1749 1666 1957 1737 Μίδεω,

355 1748 518 1816 οὗτος
534 1750 606 1828 δὴ
627 1751 662 1813 ὅ
682 1751 884 1828 φονεῦς
904 1755 1010 1829 μὲν
1025 1753 1128 1813 τοῦ
1149 1756 1349 1813 ἑωυτοῦ
1367 1751 1648 1829 οἷδελφεοῦ
1663 1753 1961 1835 γενόμενος

356 1839 559 1914 φονεῦς
597 1840 658 1899 δὲ
694 1844 796 1900 τοῦ
836 1838 1193 1919 καθήραντος.
1227 1839 1353 1900 ἐπεί
1383 1867 1448 1901 τε
1477 1840 1692 1921 ἡσυχίη
1723 1845 1834 1903 τῶν
1865 1841 1961 1903 οἷν-

352 1926 587 2005 θρῶπων
612 1929 830 2012 ἐγένετο
858 1928 988 2006 περὶ
1016 1928 1084 1989 τὸ
1117 1931 1296 2006 σῆμα,
1323 1928 1842 2010 συγγινωσκόμενος
1864 1928 1956 1991 οἷν-

355 2013 588 2092 θρῶπων
626 2014 765 2076 εἶναι
801 2019 915 2076 τῶν
951 2014 1118 2080 αὗτὸς
1154 2014 1303 2092 ἤειδε
1342 2017 1954 2095 βαρυσυμφορώτατος,

355 2102 555 2164 ε’ωυτόν
590 2101 1030 2180 ἐπικατασφάζει
1060 2107 1141 2182 τῷ
1173 2104 1391 2185 τύμβῳ.
1475 2107 1726 2183 Κροῖσος
1764 2105 1825 2166 δὲ
1864 2108 1958 2166 ἐπὶ

350 2188 454 2249 δύο
499 2192 623 2251 ἔτεα
674 2196 733 2251 ἐν
781 2192 974 2253 πένθεϊ
1021 2190 1254 2273 μεγάλῳ
1299 2193 1569 2269 καθῆστο,
1615 2197 1717 2253 τοῦ
1759 2194 1960 2259 παιδός

354 2280 733 2356 ἐστερημένος·
784 2278 943 2357 μετὰ·
966 2279 1043 2350 δὲ,
1073 2279 1122 2388 η’ε
1153 2279 1486 2362 Ἀστ-υοῦγεωἸ
1511 2283 1613 2341 τοῦ
1652 2281 1959 2360 Κυαξάρεω

351 2365 621 2448 ἡγεμονίη
658 2368 1048 2446 καταιρεθεῖσα
1085 2393 1199 2428 υπο
1235 2367 1427 2447 Κύρου
1462 2372 1565 2429 τοῦ
1606 2369 1956 2446 Καμβύσεω,

356 2455 446 2513 καὶ
470 2454 543 2515 τοὶ
570 2480 682 2515 των
708 2456 976 2532 Περσέων
999 2455 1307 2537 πρήγματα
1337 2454 1699 2533 αὖξανόμενα,
1726 2458 1958 2523 πένθεος

351 2544 456 2618 μὲν
487 2545 743 2619 Κροῖσον
777 2542 1088 2604 ἀπέπαυσε·
1132 2544 1371 2621 ἐνέβησε
1406 2544 1466 2604 δὲ
1502 2549 1558 2607 ἐς
1593 2544 1878 2621 φροντίδα,
1908 2547 1963 2607 εἴ

354 2654 460 2693 κως
494 2629 731 2700 δύναιτο,
761 2630 894 2708 πρὶν
928 2630 1211 2712 μεγάλους
1243 2632 1508 2713 γενέσθαι
1539 2656 1671 2695 τους
1706 2632 1956 2710 Πέρσας,

357 2711 701 2829 καταλαβεῖν
725 2717 904 2778 αὖτῶν
928 2717 1302 2796 αὐξανομένην
1325 2718 1429 2798 τήν
1453 2718 1703 2798 δύναμιν.

503 2831 599 2865 ετα
635 2803 710 2865 ὦν
740 2830 848 2883 την
872 2804 1118 2867 διάνοιαν
1145 2806 1351 2884 ταύτην
1384 2806 1581 2867 αὐτίκα
1616 2806 1960 2884 ἀπεπειρᾶτο

350 2897 462 2955 τῶν
484 2893 779 2971 μαντηιων,
803 2897 915 2954 τῶν
937 2918 1001 2953 τε
1033 2897 1092 2955 ἐν
1117 2893 1374 2972 Ελλησι
1399 2895 1493 2954 καὶ
1520 2898 1624 2956 τοῦ
1655 2899 1713 2955 ἐν
1742 2894 1954 2974 Λιβύῃ,

352 2981 671 3061 διαπέμψας
699 2981 910 3045 ἄλλους
939 2980 1110 3060 ἄλλῃ,
1136 2982 1267 3046 τοῦς
1294 2985 1397 3061 μὲν
1428 2987 1484 3047 ἐς
1518 2981 1786 3058 Δελφοῦς
1817 2982 1956 3043 ἰέναι

348 3070 482 3134 τοῦς
506 3070 568 3129 δὲ
592 3075 648 3133 ἐς
659 3067 853 3146 Ἀβας
872 3068 976 3133 τοὶς
998 3070 1230 3130 Φωκέων
1254 3070 1385 3134 τούς
1408 3070 1468 3130 δὲ
1494 3075 1549 3133 ἐς
1574 3069 1866 3146 Δωδώνην·
1901 3074 1957 3130 οἱ

353 3156 418 3217 δέ
446 3183 592 3222 τινες
627 3158 940 3235 ἐπέμποντο
978 3157 1134 3234 παρά
1170 3183 1234 3217 τε
1270 3157 1629 3236 Ἀμφιάρεων
1670 3157 1762 3217 καὶ
1801 3158 1957 3235 παρὰ

349 3244 690 3322 Τροφώνιον,
712 3245 846 3304 οἶδὲ
866 3247 970 3321 ,τῆς
988 3245 1281 3321 Μιλησίης
1301 3250 1356 3309 ἐς
1381 3246 1718 3326 Βραγχιδας.
1778 3250 1957 3306 ταῦτα
