2184 3517
212 126 442 192 89-94]
694 107 701 113 '
800 127 1257 178 MEAHOMENH.
1730 125 1823 179 31⁷

213 206 467 267 ONTAI
535 210 868 266 ΠΑΝΤΩΝ
951 210 1364 265 ΠΟΤΑΜΩΝ.
1473 208 1614 264 ΚΑΙ
1661 232 1666 237 ·
1694 203 1825 263 EH’

210 294 472 358 ΑΥΤΑΣ
516 299 869 352 ΑΠΙΚΕΤΟ
912 298 1292 352 ΕΛΑΥΝΩΝ
1331 297 1474 351 ΕΠῙ
1518 292 1826 359 ΣΚΥΘΑΣ

214 384 581 447 ΣΤΡΑΤΟΝ
637 385 856 440 ΑΝΗΡ
910 379 1241 444 ΑΡΙΣΤΟΣ
1295 385 1393 439 ΤΕ
1442 385 1582 439 ΚΑΙ
1637 385 1825 439 ΚΑΛ-

213 470 505 533 ΛῙΣΤΟΣ
574 472 904 527 ΠΑΝΤΩΝ
973 472 1428 538 ΑΝΘΡΩΠΩΝ,
1486 466 1826 532 ΔΑΡΕΙΟΣ

211 557 290 616 ‘O
313 553 815 625 ὛΣΤΑΣΠΕΟΣ,
844 556 1217 619 ΠΕΡΣΕΩΝ
1243 558 1340 614 ΤΕ
1382 559 1521 614 ΚΑΙ
1555 554 1827 621 ΠΑΣΗΣ

214 646 377 710 ΤΗΣ
413 648 772 704 ΗΠΕῙΡΟΥ
811 643 1218 708 ΒΑΣΙΛΕΥΣ.
1288 647 1466 705 ταῦτα
1492 642 1562 719 δή
1591 643 1827 705 ε’νθαΰτα

215 732 462 814 ἐγράφη

305 823 573 929 Aape'l‘oen
583 818 647 879 δὲ
685 819 934 881 ἐνθεῦτεν
973 817 1237 896 ὁρμηθεὶς
1274 817 1504 880 οἷπίκετο
1545 822 1601 882 ἐς
1639 817 1821 878 ἄλλον
1842 819 1919 877 92

215 907 479 986 ποταμόν
495 911 573 986 τῷ
601 904 812 984 οὕνομα
829 905 1128 983 Ἀρτισκός
1149 906 1344 977 ἔστι,
1312 931 1374 1012 ος
1396 905 1489 966 διὰ
1505 905 1825 983 Ὀδρυσέων

216 996 351 1073 ῥέει.
435 994 527 1056 ἐπὶ
557 997 757 1056 τοῦτον
781 993 852 1070 δη
877 993 978 1055 τόν
1011 994 1269 1072 ποταμόν
1302 992 1636 1070 ἀπικόμενος
1675 995 1822 1053 ε’ποί·

104 1125 111 1128 ‚
215 1106 334 1159 ησε
369 1082 603 1173 τοιόνδε·
645 1080 919 1152 ἀποδέξας
952 1082 1159 1162 χωρίον
1195 1086 1268 1161 τῇ
1309 1085 1566 1160 στρατιῇ,
1604 1081 1825 1141 ε’κέλευε

217 1170 409 1231 πάντα
426 1168 636 1247 ἄνδρα
686 1169 852 1230 λίθον
891 1169 988 1229 ἕνα
1026 1169 1360 1247 παρεξιόντα
1412 1169 1622 1256 τιθέναι
1661 1173 1719 1231 ἐς
1754 1168 1823 1229 τό

218 1257 667 1338 ἀποδεδεγμένον
690 1260 859 1318 τοῦτο
883 1258 1108 1336 χωρίον·
1150 1256 1223 1320 ὥς
1248 1257 1309 1316 δὲ
1332 1260 1509 1318 ταῦτα
1526 1256 1580 1364 'f-
1587 1252 1826 1334 στρατιὴ

219 1347 539 1417 ἐπετέλεσε,
583 1347 819 1406 ἐνθαῦτα
860 1345 1136 1409 κολωνους
1180 1344 1464 1427 μεγάλους
1501 1348 1613 1405 τῶν
1650 1345 1827 1406 λίθων

222 1432 564 1506 καταλιπων,
590 1432 876 1494 ἀπέλαυνε
913 1457 1020 1510 την
1059 1432 1350 1511 στρατιήν.
1419 1433 1568 1511 Πρὶν
1607 1433 1667 1493 δὲ
1699 1431 1823 1493 άπι-
1840 1433 1919 1494 93

221 1523 428 1582 κέσθαι
463 1523 556 1581 ε’πὶ
588 1521 688 1582 τόν
710 1520 959 1598 Ἴστρον,
997 1521 1251 1600 πρώτους
1286 1520 1459 1598 αἱρέει
1493 1522 1668 1584 Γέτας
1696 1519 1827 1586 τοῦς

220 1610 673 1681 ἀθανατίζοντας.
755 1612 811 1668 οἱ
849 1635 955 1687 μεν
998 1609 1111 1691 γοὶρ
1151 1608 1220 1685 δή
1262 1608 1362 1669 τόν
1404 1608 1825 1686 Σαλμυδησσόν

222 1701 448 1777 ἔχοντες
478 1696 713 1776 Θρήϊκες
751 1698 844 1756 καὶ
881 1696 1020 1806 ὑπὲρ
1046 1697 1435 1773 Ἀπολλωνίης
1471 1722 1536 1758 τε
1575 1697 1668 1756 καὶ
1707 1702 1825 1757 Με-

221 1786 518 1863 σαμβρίης
561 1783 762 1855 πόλιος
809 1786 1108 1860 οἰκημένοι,
1151 1784 1510 1866 (καλεύμενοι
1550 1784 1611 1843 δὲ
1652 1784 1825 1861 Σκυρ·

219 1873 419 1950 μιάδαι
459 1874 553 1933 καὶ
591 1872 876 1954 Νιψαῖοι,)
917 1872 1169 1951 οἷμαχητὶ
1209 1873 1395 1949 σφέας
1425 1871 1627 1936 αυτοῦς
1656 1872 1825 1949 παρέ·

221 1961 404 2022 δοσαν
458 1962 693 2040 Δαρείω,
749 1963 805 2021 οἱ
857 1961 918 2020 δὲ
982 1961 1151 2020 Γέται
1215 1962 1358 2039 πρός
1423 1959 1824 2042 οἷγνωμοσυνην

222 2049 564 2127 τραπόμενοι
621 2046 821 2109 αυτίκα
872 2047 1285 2125 ἐδουλώθησαν,
1340 2049 1594 2125 Θρηικων
1644 2047 1826 2112 ε’όντες

221 2136 602 2214 ἀνδρειότατοι
669 2138 763 2196 καὶ
828 2128 1179 2196 δικαιότατοι.
1259 2135 1688 2206 Ἀθανατίζουσι
1763 2134 1824 2194 δὲ
1840 2137 1918 2194 94

218 2223 381 2284 τόνδε
418 2223 518 2284 τόν
547 2224 777 2301 τρόπον·
820 2222 950 2283 οὔτε
985 2221 1364 2298 οἷποθνήσκειν
1400 2222 1630 2286 ἔωυτοῦς
1668 2222 1821 2299 νομί-

221 2313 388 2384 ζουσι
435 2313 572 2372 ἰέναι
615 2337 680 2372 τε
728 2310 827 2372 τόν
881 2310 1276 2387 ἆπολλυμενον
1326 2334 1482 2387 παρα
1531 2307 1823 2384 Ζάλμοξιν

220 2393 479 2479 δαίμονα·
528 2402 583 2460 οἱ
621 2400 682 2459 δὲ
722 2424 902 2460 αυτων
943 2398 1043 2459 τόν
1086 2396 1256 2458 αυτόν
1293 2401 1494 2458 τοῦτον
1532 2397 1823 2473 νομίζουσι

219 2488 567 2563 Γεβελεῖζιν·
609 2487 702 2547 διὰ
736 2486 1126 2563 πεντετηρίδος
1152 2486 1213 2546 δὲ
1243 2485 1344 2546 τόν
1371 2485 1535 2564 πάλω
1571 2483 1822 2563 λαχόντα

216 2576 335 2635 αἰεί
366 2581 562 2651 σφεων
598 2574 776 2637 αὐτων
815 2573 1221 2652 ἀποπέμπουσι
1259 2573 1506 2656 ἄγγελον
1540 2571 1695 2650 παρὰ
1722 2571 1823 2632 τόν

217 2662 526 2738 Ζάλμοξιν,
568 2662 957 2741 ἐντελλόμενοι
995 2687 1107 2723 των
1146 2688 1215 2722 αν
1257 2662 1523 2722 ἑκάστοτε
1577 2661 1820 2721 δέωνται·

213 2751 512 2827 πέμπουσι
550 2750 610 2811 δὲ
651 2748 773 2811 ὦδε·
816 2754 870 2812 οἳ
907 2754 1012 2827 μὲν
1054 2750 1234 2811 αυτῶν
1268 2751 1565 2830 ταχθέντες
1594 2748 1823 2809 α’κόντια

212 2839 349 2915 τρία
385 2837 599 2916 ἔχόυσι·
642 2839 814 2898 ἄλλοι
853 2839 915 2898 δὲ
944 2836 1314 2913 διαλαβόντες
1350 2842 1453 2897 τοῦ
1492 2837 1821 2914 ἀποπεμπο-

213 2927 393 3002 μένου
419 2925 574 3003 παρὰ
599 2925 698 2987 τόν
721 2926 1004 3001 Ζάλμοξιν
1022 2924 1124 2987 τὰς
1148 2927 1339 3003 χεῖρας
1365 2924 1457 2983 καὶ
1482 2924 1612 2987 τούς
1631 2922 1823 2993 πόδας,

214 3012 653 3088 ἀνακινήσαντες
719 3012 892 3074 αὐτόν
952 3013 1229 3089 μετέωρον
1295 3013 1555 3088 ριπτεῦσι
1612 3015 1669 3075 ἐς
1723 3010 1825 3075 τοὶς

212 3099 459 3181 λόγχας.
537 3099 610 3177 ἢν
647 3102 751 3177 μὲν
796 3098 866 3174 δη
907 3098 1163 3178 ἀποθάνῃ
1215 3097 1530 3174 α’ναπαρεὶς,
1571 3102 1723 3158 τοισι
1762 3098 1824 3157 δὲ

215 3188 386 3250 ἵλεως
424 3214 457 3247 ο
500 3187 626 3251 θεὸς
665 3185 843 3246 δοκέει
884 3185 1040 3245 εἶναι·
1079 3183 1152 3260 ἢν
1186 3184 1247 3243 δὲ
1276 3210 1358 3261 μη
1385 3183 1659 3264 α’ποθάνῃ,
1688 3188 1823 3244 αἰτι-

212 3278 390 3335 ῶνται
423 3271 593 3335 αυτόν
622 3272 724 3334 τόν
763 3270 1023 3354 ἄγγελον,
1052 3271 1302 3350 φάμενοί
1320 3297 1419 3350 μιν
1445 3270 1619 3352 ἄνδρα
1655 3270 1825 3333 κακόν
