2184 3517
295 68 394 115 214
826 102 831 106 ·
914 66 1281 117 ‘HPOAOTOT
1687 65 1705 128 ἀ
1747 63 1911 129 Tm)

296 144 628 221 βάλλεσθαι
653 144 840 226 γόνον·
923 144 1222 225 Αἰγύπτιοι
1246 144 1308 204 δὲ
1340 144 1579 225 λέγουΰι
1603 145 1782 207 σέλας
1809 145 1913 204 ἐπὶ

301 229 406 307 τήν
448 234 597 308 βοῦν
644 237 706 292 ἐκ
750 236 852 292 τοῦ
907 230 1144 309 οὐρανοῦ
1199 233 1503 311 κατίσχειν,
1559 232 1657 291 καί
1695 257 1795 309 μιν
1844 236 1913 291 ἐκ

298 318 497 379 τούτου
521 320 726 380 τίκτειν
749 319 850 380 τὸν
864 318 1059 379 Ἀπιν·
1102 321 1218 399 ἔχει
1249 320 1310 379 δὲ
1339 318 1374 379 ὅ
1404 318 1632 399 μόσχος
1662 318 1844 389 οὗτος,
1875 319 1914 379 ὄ

290 404 462 472 Ἀπις
508 407 860 484 καλεόμενος,
901 407 1124 484 σημήῖα
1174 406 1361 467 τοιάδε
1402 405 1506 466 ε’ὠν
1543 408 1743 484 μέλας·
1812 408 1914 467 ε’πὶ

300 498 404 570 μὲν
428 500 505 574 τῷ
528 496 763 574 μετώπω
789 494 991 555 λευκόν
1015 494 1376 577 τετράγωνον,
1399 495 1492 554 ἐπὶ
1518 494 1579 553 δὲ
1601 498 1704 556 τοῦ
1730 491 1917 555 νώτουι

303 583 486 642 αἰετόν
514 584 858 660 εἰκασμένον,
887 587 946 643 ἐν
977 582 1038 641 δὲ
1061 586 1135 661 τῇ
1161 581 1299 661 οὐρῇ
1324 607 1426 646 τας
1455 582 1655 661 τρίχας
1682 579 1912 654 διπλᾶς,

210 672 328 728 29’
304 670 394 729 επὶ
432 670 494 730 δὲ
531 674 602 749 τῇ
640 670 886 751 γλώσσῃ
931 669 1251 751 κάνθαρον.)
1330 669 1431 733 ‘ns-
1465 668 1599 729 δὲ’
1559 695 1779 752 ηγαγον
1806 669 1917 731 τὸν

294 755 465 818 Ἀπιν
492 760 546 817 οἱ
573 759 727 835 ἱρέες,
755 785 788 818 ο
824 756 1152 836 Καμβύσης
1187 758 1281 817 οἶα
1316 757 1419 818 ε’ων
1449 756 1916 840 ὑπομαργότερος

305 844 669 923 σπασάμενος
716 846 787 906 γϊδ
839 846 1186 927 ἐγχειρίδιον,
1227 846 1408 907 θέλων
1450 844 1625 924 τύψαι
1661 846 1771 922 τήν
1806 872 1916 927 γα-

305 935 481 1011 στέρα
504 938 605 995 τοῦ
620 933 826 997 Ἀπιος
849 935 1002 993 παίει
1024 933 1128 994 τὸν
1159 933 1359 1012 μηρόν·
1397 933 1657 1014 γελάσας
1679 934 1758 1004 δὲ,
1787 934 1918 994 εἷπε

306 1022 447 1100 πρός
482 1021 612 1087 τοῦς
654 1024 819 1101 ἱρέας·
867 1021 954 1082 “ὦ
994 1023 1160 1081 κακαὶ
1200 1023 1464 1104 κεφαλαὶ,
1504 1024 1915 1083 τοιοῦτοιθεοὶ

304 1112 568 1191 γίνονται,
624 1110 840 1188 ἔναιμοί
884 1136 949 1171 τε
995 1111 1089 1170 καὶ
1133 1109 1443 1188 σαρκώδεες
1485 1112 1581 1170 καὶ
1625 1109 1922 1176 ἐπαΐοντες

307 1199 602 1277 σιδηρίων;
671 1197 824 1269 ἄξιος
868 1200 973 1276 μὲν
1011 1198 1333 1280 Αἰγυπτίων
1379 1194 1542 1261 οὗτός
1577 1223 1646 1279 γε
1685 1198 1720 1258 ὁ
1762 1198 1913 1274 θεός-ξ

239 1363 244 1368 ξ
307 1285 447 1365 οἷτάρ
492 1313 582 1348 τοι
625 1287 783 1364 ὖμεῖς
830 1312 899 1368 γε
940 1285 1005 1347 οὖ
1057 1285 1347 1366 χαίροντες
1396 1284 1619 1368 γέλωτα
1665 1290 1766 1364 ε’μὲ
1807 1287 1913 1364 θή-

310 1375 536 1436 σεσθε.”
602 1380 780 1436 ταῦτα
809 1376 982 1448 εἴπας,
1010 1375 1323 1436 ἐνετείλατο
1346 1379 1502 1435 τοῖσι
1524 1378 1701 1435 ταῦτα
1724 1375 1920 1452 πρήσ-·

310 1489 498 1539 σουσι,
525 1464 656 1528 τούς
680 1466 785 1541 μὲν
812 1466 960 1541 ἱρέας
984 1463 1479 1546 ἀπομαστιγῶσαι,
1506 1464 1824 1543 Αἰγυπτίων
1850 1465 1919 1524 δὲ»

308 1555 418 1612 τῶν
469 1550 662 1612 ἄλλων
718 1551 819 1612 τόν
875 1550 944 1612 ἂν
1002 1551 1237 1629 λάβωσι
1295 1550 1603 1628 ὁρτάζοντα
1660 1552 1917 1613 κτείνειν.-

311 1638 449 1717 ὁρτὴ
498 1642 604 1717 μὲν
653 1639 721 1716 δή
769 1640 1058 1700 διελέλυτο
1110 1639 1490 1719 Αἰγυπτίοισι·
1556 1641 1613 1698 οἱ
1658 1639 1719 1699 δὲ
1773 1641 1918 1715 ἱρέες

313 1727 661 1789 ἐδικαιεῦντο·
729 1728 762 1788 ὁ
811 1728 870 1790 δὲ
908 1725 1082 1793 ''Ams-
1121 1726 1516 1808 πεπληγμένος
1558 1725 1660 1787 τόν
1710 1728 1910 1804 μηρόν,

313 1817 503 1892 ἔφθινε
530 1821 588 1876 ἔν
612 1820 689 1895 τῷ
722 1819 819 1895 ἱρῷ
849 1817 1253 1892 κατακείμενος.
1337 1815 1430 1873 καὶ
1454 1813 1555 1874 τόν
1578 1818 1700 1891 μὲν,
1724 1820 1912 1878 τελευ-

312 1903 566 1979 τήσαντα
618 1909 679 1963 ἐκ
732 1908 836 1963 τοῦ,
872 1903 1159 1981 τρώματος
1197 1903 1411 1981 ἔθαψαν
1451 1905 1507 1962 οἱ
1533 1903 1688 1980 ,ἱρέες
1724 1903 1911 1980 λάθρη

220 1994 295 2051 30
315 1991 662 2068 Καμβύσεω·
725 1991 1050 2069 Καμβύσης
1089 1991 1164 2061 δὲ,
1207 1989 1281 2053 ὥς
1317 1992 1554 2071 λέγουσι
1593 1991 1909 2072 Αἰγύπτιοι,

315 2078 510 2139 αὐτίκα
541 2079 634 2139 δια
667 2084 833 2140 τοῦτο
863 2079 931 2139 τό
966 2078 1211 2157 ἀδίκημα
1250 2078 1443 2156 ἐμάνη,
1476 2078 1581 2139 ε’ὢν
1618 2078 1748 2140 οὐδὲ
1776 2079 1912 2158 πρό-

312 2193 474 2245 τερον
515 2167 980 2247 φρενήρης·καί
1019 2170 1215 2245 πρῶτα
1252 2169 1356 2244 μὲν
1393 2171 1504 2228 τῶν
1543 2171 1727 2228 κακῶν
1768 2169 1912 2247 ε’ξερ·

319 2255 532 2337 γάσατο
584 2258 684 2319 τὸν
729 2255 1007 2332 ἀδελφεὰν
1060 2254 1300 2332 Σμέρδιν
1354 2254 1518 2316 ε’όντα
1562 2256 1777 2333 πατρός
1823 2258 1912 2316 καὶ

313 2346 524 2423 μητρὸς
552 2350 654 2423 τῆς
687 2344 871 2421 αυτῆς,
905 2344 1004 2404 τόν
1024 2342 1334 2422 ἀπέπεμψε
1369 2348 1427 2408 ἐς
1462 2344 1695 2421 Πέρσας
1722 2344 1913 2426 φθόνω

315 2433 379 2503 ἐξ
416 2434 718 2515 Αἰγύπτου,
760 2433 849 2493 ὅτι
885 2432 953 2492 τὸ
1005 2431 1173 2502 τόξον
1218 2436 1423 2510 μοῦνος
1462 2433 1735 2510 Περσέων
1773 2432 1914 2495 ὅσον

314 2546 379 2580 τε
403 2522 496 2581 ἐπὶ
531 2521 628 2582 δύο
665 2522 968 2585 δακτύλους
1000 2520 1204 2597 εἴρυσε,
1230 2518 1297 2580 τὸ
1330 2520 1484 2599 παρὰ
1514 2525 1617 2581 τοῦ
1643 2521 1922 2586 Αἰθίοπος.

315 2606 536 2684 ἤνεικαν
589 2612 644 2669 οἱ
682 2607 1070 2690 Ἰχθυοφάγοι·
1136 2613 1248 2670 τῶν
1290 2608 1351 2669 δὲ
1401 2607 1595 2669 ἄλλων
1647 2610 1915 2687 Περσέων

319 2694 494 2758 οὗδεὶς
520 2695 635 2759 οἷός
667 2721 731 2755 τε
768 2696 1006 2776 ἐγένετο.
1090 2695 1466 2778 ἀποιχομένου
1492 2695 1566 2758 ὧν
1597 2702 1654 2760 ἐς
1683 2697 1915 2774 Πέρσας

317 2786 418 2843 τοῦ
462 2783 746 2861 Σμέρδιος,
773 2782 921 2862 ὄψιν
956 2783 1065 2844 εἶδε
1101 2783 1135 2844 ὁ
1171 2783 1500 2862 Καμβύσης
1542 2790 1603 2846 ἐν
1647 2789 1727 2864 τῷ
1764 2784 1914 2864 ὕπνῳ

317 2870 551 2947 τοιήνδε·
633 2871 787 2940 ἔδοξέ
836 2865 894 2931 οἱ
945 2870 1191 2953 ἄγγελον
1244 2872 1482 2934 ἐλθόντα
1534 2878 1596 2933 ἐκ
1649 2874 1914 2951 Περσέων

320 2957 667 3064 οἰγγέλλειν,Α
679 2984 751 3021 ως
786 2963 845 3018 ἐν
885 2964 986 3037 τῷ
1004 2958 1181 3037 θρόνῳ
1220 2965 1297 3039 τῶ
1309 2961 1625 3066 Αβασιληΐῳ
1668 2960 1914 3037 ἱζόμενος

321 3046 570 3122 Σμέρδις,
596 3049 667 3122 τῇ
701 3049 927 3123 κεφαλῇ
966 3051 1064 3105 τοῦ
1100 3047 1335 3124 ούρανοῦ
1367 3049 1621 3125 ψαύσειε·
1675 3046 1819 3126 πρός
1845 3049 1915 3111 ὦν

318 3135 510 3201 ταῦτα,
564 3131 754 3195 δείσας
805 3135 934 3210 περὶ
986 3137 1188 3192 εωυτοῦ
1237 3134 1320 3210 μή
1369 3161 1467 3212 μιν
1513 3136 1846 3201 αποκτείνας
1882 3137 1944 3198 0²

319 3216 607 3293 ἀδελφεὰς.
633 3217 799 3298 ἄρχῃ,
838 3220 1048 3297 πέμπει
1083 3220 1439 3297 Πρηξάσπεα
1471 3227 1529 3287 ἐς
1564 3224 1836 3295 Heba-az:
1855 3224 1934 3289 ὃς
