2184 3517
323 109 390 162 72
944 108 1311 160 ·HPOA0'1'0·1·
1850 107 1926 172 [1.

323 192 427 248 τοῦ
468 191 573 266 μὲν
618 187 855 267 οὐρανοῦ
896 188 991 247 καὶ
1027 192 1140 248 τῶν
1181 186 1362 264 ὦρέων
1415 189 1474 246 ἐν
1516 191 1594 265 τῷ
1640 188 1934 266 καλλίστῳ

327 274 630 357 ἐτύγχανον
656 274 1012 353 ἱδρυσάμενοι
1036 275 1241 338 πόλιας
1265 273 1486 334 πάντων
1506 272 1808 350 ἀνθρώπων
1821 279 1936 334 τῶν

299 361 488 440 ’ἡμεῖς
532 365 706 440 ἴδμεν.
777 362 902 423 οὔτε
939 363 1050 443 γοὶρ
1091 361 1164 422 τοὶ
1200 361 1310 421 ἅνω
1342 360 1513 437 αὐτῆς
1545 361 1724 439 χωρία
1756 360 1933 421 τῶυτό

328 452 505 510 ποιέει
527 456 600 530 τῇ
629 451 824 529 Ἰωνίῃ,
852 449 979 509 οὔτε
1001 449 1074 509 τοὶ
1101 447 1262 518 κάτω,
1291 448 1418 508 οὔτε
1442 448 1515 508 τσῖ
1539 448 1683 525 πρός
1704 447 1808 523 τὴν
1830 448 1935 524 ἤῶ,

331 536 456 598 οὔτε
488 538 560 598 τὰ
592 538 733 617 πρὸς
766 537 872 612 τὴν
909 537 1169 613 ἑσπέρην·
1211 535 1284 596 τοὶ
1314 539 1419 613 μὲν
1442 535 1553 595 ὖπό
1585 540 1687 595 τοῦ
1713 541 1936 614 ψυχροῦ

330 651 393 685 τε
419 627 511 685 καὶ
533 625 707 708 ὖγροῦ
732 625 1045 702 πιεζόμενα,
1072 624 1145 684 τὰ
1173 625 1231 684 δὲ
1255 623 1364 683 ὖπό
1390 628 1491 683 τοῦ
1520 624 1728 700 θερμοῦ
1752 649 1815 683 τε
1843 625 1939 685 καὶ

332 713 719 825 αυχμῶδεοςγ
737 717 1014 794 γλῶσσαν
1056 713 1116 771 δε
1157 712 1222 771 οὗ
1261 711 1365 787 τήν
1402 710 1576 786 αὐτὴν
1601 709 1755 771 οὗτοι
1787 737 1938 771 νενο-

330 803 548 878 μίκασι,
565 801 722 861 ἀλλὰ
745 801 985 879 τρόπους
1009 802 1287 876 τέσσερας
1310 799 1703 881 παραγωγέων.
1745 800 1938 876 Μίλη-

331 913 428 952 τος
450 915 554 964 μεν
581 889 759 950 αὐτῶν
778 887 970 966 πρώτη
989 889 1171 948 κέεται
1195 887 1361 950 πόλις
1384 912 1525 964 προς
1547 886 1935 964 μεσαμβρίην·

333 976 475 1053 μετὰ
501 978 577 1050 δὲ,
603 977 799 1040 Μυούς
822 1003 885 1037 τε
912 977 1004 1036 καὶ
1029 974 1274 1053 Πριηνη·
1317 1000 1482 1035 αυται
1505 976 1610 1051 μὲν
1636 979 1694 1034 ἐν
1717 977 1791 1053 τῇ
1817 981 1939 1034 Ka·

333 1065 429 1143 ρίῃ
468 1067 823 1141 κατοίκηνται
857 1065 997 1124 κατὰ
1021 1063 1198 1125 ταῦτὰ
1225 1062 1621 1143 διαλεγόμεναί
1643 1068 1773 1138 σφι·
1816 1063 1940 1123 αἵδε

336 1152 398 1211 δὲ
430 1158 488 1213 ἐν
512 1157 585 1231 τῇ
615 1154 809 1232 Λυδίῃ,
834 1151 1108 1228 Ἔφεσος,
1135 1146 1441 1227 Κολοφῶν,
1469 1150 1737 1227 Λέβεδος,
1773 1151 1938 1221 Τέως,

337 1241 715 1318 Κλαζομεναὶ,
752 1240 997 1300 Φώκαια·
1039 1237 1205 1299 αὗται
1247 1239 1309 1298 δὲ
1339 1241 1398 1297 αἱ
1421 1237 1617 1301 πόλιες
1641 1242 1778 1317 τῇσι
1801 1238 1939 1315 πρό-

335 1352 496 1404 τερον
522 1329 857 1407 λεχθείσῃσι
882 1327 1262 1406 ὁμολογέουσι
1288 1325 1428 1386 κατὰ
1459 1329 1735 1407 γλῶσσαν
1759 1325 1935 1400 οὐδὲν,

335 1416 450 1489 σφὶ
481 1415 542 1474 δὲ
580 1415 991 1491 ὁμοφωνέουσι·
1034 1416 1117 1474 ἔτι
1150 1415 1210 1473 δὲ
1239 1417 1387 1491 τρεῖς
1423 1412 1729 1473 ὑπόλοιποι
1765 1412 1942 1477 Ἰάδες

337 1502 546 1572 πόλιες,
571 1506 682 1562 τῶν
707 1506 766 1561 αἱ
791 1501 890 1562 δύο
914 1505 1020 1578 μὲν
1043 1500 1252 1576 νήσους
1277 1502 1521 1561 οἰκέαται
1547 1500 1739 1578 Σάμον
1755 1527 1819 1562 τε
1845 1503 1942 1562 καὶ

336 1591 496 1661 Χίον,
511 1589 549 1664 ἦ
576 1589 635 1649 δὲ
657 1591 762 1666 μία
788 1594 846 1650 ἐν
869 1595 941 1668 τῇ
966 1589 1177 1669 ἠπείρῳ
1205 1589 1432 1666 ἵδρυται,
1459 1587 1743 1666 Ἐρυθραί.
1804 1593 1943 1650 Χῖοι

336 1678 441 1754 μέν
466 1703 562 1738 νυν
590 1679 683 1736 καὶ
716 1676 1035 1754 Ἐρυθραῖοι
1067 1676 1210 1737 κατὰ
1232 1676 1408 1737 τῶυτό
1434 1676 1802 1757 διαλέγονται,
1831 1678 1943 1741 Σά-

338 1791 458 1841 μιοι
482 1765 541 1824 δὲ
569 1764 653 1824 ἐπ’
680 1768 888 1825 ἑωυτῶν
913 1769 1132 1843 μοῦνοι.
1201 1763 1356 1824 οὗτοι
1378 1768 1727 1843 χαρακτῆρες
1750 1764 1942 1845 γλώσ-

248 1854 361 1912 143
381 1879 488 1929 σης
515 1854 780 1930 τέσσερες
813 1854 1080 1935 γίνονται.
1149 1853 1372 1913 Τούτων
1404 1851 1546 1927 δὴ
1506 1878 1582 1912 ων
1609 1856 1719 1913 τῶν
1742 1851 1944 1915 Ἰώνων

340 1944 396 2001 οἱ
430 1940 712 2016 Μιλήσιοι
744 1944 848 2019 μὲν
876 1939 1027 2017 ἦσαν
1058 1946 1119 2001 ἐν
1149 1941 1334 2020 σκέπῃ
1370 1945 1474 2000 τοῦ
1513 1939 1788 2016 φόβου,
1753 1966 1944 2018 ορκιον

340 2028 729 2105 ποιησάμενοι.
794 2033 948 2089 τοῖσι
988 2028 1049 2087 δὲ
1088 2028 1270 2090 αὖτων
1308 2027 1619 2107 νησιώτῃσι
1656 2026 1728 2103 ἦν
1760 2029 1944 2090 δεινον

342 2108 517 2168 οὐδέν·
559 2107 684 2169 οὔτε
706 2108 817 2191 γὰρ
842 2109 1149 2174 Φοίνικες’
1113 2110 1264 2186 ησάν
1281 2135 1357 2169 κω
1383 2110 1651 2186 Περσέων
1676 2107 1944 2185 κατήκοοι

333 2195 476 2263 Ωιῖτε
492 2196 649 2259 αὐτοὶ
675 2201 729 2258 οἱ
754 2199 981 2275 Πέρσαι
1003 2197 1302 2275 ναυβάται.

421 2283 891 2365 Ἀπεσχίσθησαν
929 2287 991 2346 δὲ
1029 2285 1144 2346 «ivd
1182 2291 1293 2346 τῶν
1331 2284 1524 2346 ἄλλων
1558 2283 1755 2346 Ἰώνων
1787 2283 1945 2347 οὗτοι

344 2372 460 2432 κατ’
487 2373 636 2434 ἄλλο
671 2376 774 2450 μὲν
802 2372 975 2446 οὐδὲν,
1004 2373 1269 2438 α’σθενέος
1304 2374 1365 2433 δὲ
1401 2372 1587 2436 ἐόντος
1610 2377 1710 2433 τοῦ
1735 2373 1946 2438 παντός

341 2460 470 2521 τότε
506 2460 842 2538 Ἑλληνικοῦ
876 2463 1079 2542 γένεος,
1107 2465 1306 2540 πολλῷ
1341 2462 1401 2521 δὲ
1431 2460 1502 2537 ἦν
1528 2460 1946 2522 ἀσθενέστατον

342 2553 452 2608 τῶν
478 2550 675 2610 ἐθνέων
697 2548 764 2609 τό
789 2548 1033 2610 Ἰωνικόν
1051 2550 1145 2608 καὶ
1171 2549 1348 2630 λόγου
1375 2549 1699 2629 ἐλαχίστου·
1726 2548 1814 2610 ὅτι
1832 2550 1945 2630 γοὶρ

342 2635 423 2711 μὴ
447 2635 698 2711 Ἀθῆναι,
722 2635 794 2712 ἦν
817 2634 975 2696 οὐδὲν
999 2636 1150 2696 ἄλλο
1174 2636 1436 2715 πόλισμα
1461 2637 1719 2719 λόγιμον·
1761 2640 1816 2696 οἱ
1836 2639 1947 2715 μέν

344 2747 441 2783 νυν
463 2722 636 2781 ἄλλοι
655 2722 846 2787 ,Ἴωνες
879 2724 973 2783 καὶ
998 2726 1053 2783 οἱ
1076 2724 1366 2801 Ἀθηναῖοι
1392 2727 1600 2806 ἔφυγον
1622 2724 1689 2785 τὰ
1715 2723 1944 2802 οὔνομα,

346 2808 412 2870 οὗ
434 2809 780 2887 βουλόμενοι
806 2810 993 2875 Ἴωνες
1018 2814 1349 2888 κεκλῆσθαι·
1390 2812 1547 2873 ἀλλὰ
1572 2813 1666 2872 καὶ
1689 2816 1786 2872 νῦν
1813 2815 1944 2888 φαί-

347 2898 539 2958 νονταί
568 2924 667 2976 μοι
694 2901 748 2958 οἱ
772 2900 986 2959 πολλοὶ
1017 2899 1198 2961 αὐτῶν
1223 2900 1665 2979 ἐπαισχύνεσθαι
1687 2905 1767 2978 τῷ
1790 2900 1947 2961 οὐνό-

345 3011 500 3061 ματι·
552 2989 611 3046 αἱ
651 2986 711 3046 δὲ
746 2987 988 3047 δυώδεκα
1025 2988 1221 3051 πόλιες
1260 2987 1424 3048 αὗται
1461 2993 1539 3067 τῷ
1576 3012 1640 3047 τε
1680 2986 1949 3064 οὐνόματι

346 3072 683 3152 ἠγάλλοντο,
714 3075 806 3133 καὶ
840 3074 959 3152 ἱρὸν
986 3075 1283 3153 ἱδρύσαντο
1310 3077 1401 3134 ἐπὶ
1428 3077 1621 3151 σφέων
1648 3074 1843 3145 αὐτῶν,
1869 3076 1950 3154 τῷ

348 3158 561 3236 οὕνομα
601 3162 785 3221 ἔθεντο
828 3162 1157 3222 Πανιώνιον·
1213 3162 1627 3237 ἐβουλεύσαντο
1671 3162 1731 3220 δὲ
1776 3161 1950 3221 αὐτοῦ

350 3248 678 3317 μεταδοῦναι
708 3248 1021 3325 μηδαμοῖσι
1055 3248 1293 3308 ἄλλοισι
1326 3247 1539 3309 Ἰώνων·
1581 3247 1696 3309 οὐδ’
1723 3248 1950 3327 ἐδεήθη-
