2184 3517
260 108 491 174 91—93]
962 110 1190 161 mm.
1810 110 1875 162 47
1921 92 1929 98 ’

258 192 467 269 γειλαν
505 193 585 268 τῷ
625 191 876 269 Κροίσῳ·
917 188 952 250 ὅ
992 190 1051 249 δὲ
1091 183 1355 259 ἀκούσας,
1388 189 1636 270 συνέγνω
1678 191 1879 248 ἑωυτοῦ
1945 214 1992 321 Ἰ

261 276 410 337 εἶναι
436 277 543 353 τήν
575 276 870 355 ἅμαρτάδα
906 277 999 337 καὶ
1030 276 1096 337 οὗ
1131 281 1231 338 τοῦ
1270 278 1420 338 θεοῦ.
1504 276 1646 336 κατὰ
1680 277 1783 353 μὲν
1808 275 1878 352 δή

255 366 372 441 τήν
426 366 685 442 Κροίσου
737 390 799 425 τε
858 365 1040 445 α’ρχήν
1096 365 1189 424 καὶ
1239 364 1449 440 Ἰωνίης
1499 364 1605 439 τὴν
1655 363 1878 440 πρώτην

256 453 675 531 καταστροφήν
702 454 839 532 ἔσχε
866 453 1026 514 οὕτω.
1098 454 1333 532 Κροίσῳ
1360 452 1419 512 δὲ
1450 453 1573 512 ἔστι
1607 452 1698 510 καὶ
1724 450 1878 510 ἄλλα
1894 453 1970 511 92

254 539 599 618 ἆναθήματα
625 545 684 602 ἐν
708 545 781 620 τῇ
803 540 1043 602 Ἑλλάδι
1069 541 1282 611 πολλὰ,
1304 541 1397 600 καὶ
1424 539 1490 600 οὗ
1515 538 1588 600 τᾶ
1617 540 1876 617 εἰρημένα

252 633 466 706 μοῦνα.
550 634 611 690 ἐν
643 631 748 706 μὲν
776 630 887 710 γὰρ
914 629 1154 709 Θήβῃσι
1187 634 1327 709 τῇσι
1363 631 1619 689 Βοιωτῶν
1647 629 1877 705 τρίπους

251 716 524 796 χρύσεος,
551 716 652 779 τὸν
678 717 910 794 ἀνέθηκε
940 722 1018 797 τῷ
1041 716 1364 778 Ἀπόλλωνι
1388 720 1467 796 τῷ
1489 715 1774 795 Ἰσμηνίῳ·
1816 720 1876 775 ἐν

253 805 322 864 δὲ
350 804 598 885 Ἐφέσῳ,
627 805 692 865 αἴ
717 830 780 867 τε
802 805 941 883 βόες
972 807 1032 867 αἱ
1057 805 1296 885 χρύσεαι
1329 804 1422 863 καὶ
1453 808 1562 864 τῶν
1596 804 1790 864 κιόνων
1815 805 1875 863 αἰ

250 894 501 954 πολλαί·
534 899 594 953 ἔν
618 894 681 954 δὲ
705 894 989 972 Προνηίης
1012 898 1113 969 τῆς
1141 898 1201 953 ἔν
1229 896 1518 968 Δελφοῖσι
1545 890 1719 956 οἷσπὶς
1742 917 1874 970 χρυ-
1953 962 1962 971 .

252 981 374 1056 σέη
399 982 642 1063 μεγάλη.
703 985 882 1042 ταῦτα
905 983 1009 1059 μὲν
1036 982 1129 1041 καὶ
1157 983 1236 1042 ἔτι
1262 986 1317 1045 ἐς
1344 982 1441 1058 ε’μὲ
1466 980 1537 1056 ἦν
1563 980 1872 1058 περιεόντα·

249 1068 335 1127 τὰ
365 1068 410 1128 δ’
427 1070 753 1140 ἐξαπόλωλε
777 1069 851 1130 τὰ
873 1073 985 1130 τῶν
1005 1068 1393 1147 ἀναθημάτων.
1446 1068 1519 1129 τοὶ
1543 1065 1590 1127 δ’
1613 1073 1672 1127 ἐν
1692 1074 1875 1148 Βραγ-

249 1155 462 1234 χῶῃσι
469 1161 605 1237 τῇσι
620 1159 921 1234 Μιλησίων
936 1157 1266 1236 ἀναθήματα
1283 1154 1610 1234 Κροίσῳ,ὦς
1624 1153 1732 1236 ἐγώ
1742 1180 1874 1214 πυν-

253 1243 521 1321 θάνομαι,
537 1247 639 1306 ἴσα
657 1271 720 1305 τε
735 1244 994 1324 σταθμόν
1009 1247 1103 1305 καὶ
1122 1245 1292 1323 ὁμοῖα
1304 1247 1461 1305 τοῖσι
1480 1248 1540 1303 ἐν
1560 1245 1869 1318 Δελφοῖσι.

253 1331 336 1393 τοὶ
359 1334 465 1409 μέν
489 1359 585 1394 νυν
611 1334 665 1398 ἔς
688 1359 752 1394 τε
778 1333 1045 1410 Δελφούς
1071 1333 1164 1393 καὶ
1191 1338 1247 1397 ἐς
1270 1335 1372 1394 τοῦ
1395 1329 1723 1409 Ἀμφιάρεω
1749 1329 1870 1389 οἷνέ-

256 1421 402 1496 θηκε
416 1420 597 1497 οἰκήῖά
609 1447 672 1481 τε
688 1420 866 1491 ε’όντα,
876 1421 967 1481 καὶ
975 1425 1085 1483 τῶν
1101 1420 1366 1501 πατρῴων
1374 1419 1677 1500 χρημάτων
1688 1417 1864 1496 α’παρ-

251 1507 394 1588 χήν·
417 1508 490 1570 τὰ
510 1510 569 1570 δὲ
587 1508 743 1570 ἄλλα
768 1510 1101 1587 ἀναθήματα
1128 1510 1191 1581 ἐξ
1213 1507 1408 1587 ἀνδρὸς
1428 1509 1647 1590 ἐγένετο
1669 1506 1866 1583 οὐσίης

255 1597 487 1675 ἐχθροῦ,
527 1597 591 1662 ὅς
636 1601 708 1669 οἱ,
746 1598 880 1677 πρὶν
923 1597 962 1675 ἢ
1006 1600 1380 1676 βασιλεῦσαι,
1426 1594 1870 1671 ἀντιστασιώτης

207 1728 214 1734 -
254 1684 614 1761 κατεστήκεε,
652 1686 989 1748 συσπεύδων
1030 1687 1418 1748 Πανταλέοντι
1462 1684 1729 1766 γενέσθαι
1765 1683 1870 1759 τὴν

251 1771 459 1833 Λυδῶν
490 1774 688 1854 ἀρχήν.
770 1773 803 1834 ὅ
841 1775 901 1834 δὲ
940 1776 1284 1835 Πανταλέων
1312 1773 1384 1850 ἦν
1413 1772 1731 1834 Ἀλυάττεω
1765 1774 1869 1848 μὲν

250 1863 409 1931 παῖς,
432 1863 686 1939 Κροίσου
705 1863 765 1923 δὲ
791 1862 1068 1939 ἀδελφεὰς
1094 1862 1196 1923 οὔκ
1222 1862 1583 1940 ὁμομήτριος·
1616 1862 1867 1938 Κροῖσος

250 1950 365 2025 μὲν
392 1948 502 2030 γὰρ
536 1955 599 2010 ἐκ
632 1952 877 2029 Καείρης
913 1950 986 2028 ἦν
1016 1950 1279 2033 γυναικὸς
1309 1949 1610 2029 Ἀλυάττῃ,
1638 1954 1863 2008 Παντα-

250 2037 404 2098 λε’ων
434 2037 493 2097 δε
529 2038 593 2109 ἐξ
627 2037 825 2104 Ἰάδος.
907 2040 1032 2100 ἐπεί
1054 2065 1119 2100 τε
1157 2039 1238 2110 δὲ,
1267 2038 1458 2102 δόντος
1491 2041 1593 2098 τοῦ
1631 2035 1860 2113 πατρός,

252 2123 532 2202 ἐκράτησε
568 2130 672 2204 τῆς
709 2126 888 2239 ἀρχῆς
925 2126 960 2187 ὅ
1001 2129 1270 2205 Κροῖσος,
1300 2125 1401 2187 τὰν
1436 2124 1726 2204 ανθρωπον
1763 2121 1864 2183 τόν

250 2211 716 2291 ἀντιπρήσσοντα
747 2216 840 2275 ε’πὶ
875 2216 1092 2293 κνάφου
1127 2217 1303 2275 ἕλκων
1338 2214 1633 2291 διέφθειρε,
1667 2211 1771 2288 τήν
1801 2210 1863 2270 δὲ

250 2298 457 2378 οὐσίην
481 2300 654 2363 αυτοῦ
681 2305 762 2364 ἔτι
783 2305 1056 2382 πρότερον
1082 2302 1410 2378 κατιρώσας,
1429 2300 1559 2362 τότε
1581 2299 1768 2378 τρόπῳ
1785 2325 1863 2377 τῳ

251 2390 522 2470 εἰρημένῳ
548 2390 782 2468 ἐνέθηκε
813 2397 869 2457 ἐς
896 2392 971 2454 τὰ
1002 2392 1233 2471 εἴρηται.
1316 2389 1409 2449 καὶ
1440 2387 1569 2467 περὶ
1598 2389 1704 2465 μὲν
1730 2385 1859 2446 ἀνα·

250 2476 518 2554 θημάτων
540 2484 795 2540 τοσαῦτα
822 2479 1080 2558 εἰρήσθω.

335 2564 615 2642 Θῶυματα
640 2567 700 2627 δὲ
718 2570 796 2650 γῆ
815 2567 994 2645 Λυδίη
1014 2573 1070 2632 ἐς
1089 2565 1433 2650 συγγραφήν
1454 2563 1519 2626 οὗ
1544 2563 1703 2642 μάλα
1724 2563 1856 2642 ἔχει,
1875 2561 1953 2621 93

247 2650 346 2713 οἷά
382 2679 446 2714 τε
487 2655 580 2714 καὶ
620 2654 775 2732 ἄλλη
813 2656 986 2736 χώρη,
1016 2657 1198 2735 παρὲξ
1234 2659 1335 2716 τοῦ
1377 2660 1438 2715 ἐκ
1476 2657 1582 2716 τοῦ
1617 2651 1859 2731 Τμώλου

247 2744 709 2821 καταφερομένου
740 2744 1054 2825 ψήγματος.
1136 2744 1196 2804 ἓν
1226 2743 1287 2803 δὲ
1318 2745 1482 2825 ἔργον
1505 2740 1730 2804 πολλὸν
1759 2739 1859 2818 μέ-

246 2855 450 2911 γιστον
495 2832 819 2911 παρέχεται,
857 2833 1026 2911 χωρὶς
1070 2835 1182 2893 τῶν
1219 2858 1282 2893 τε
1322 2832 1640 2912 Αἰγυπτίων
1685 2830 1857 2910 ἔργων

245 2919 341 2977 καὶ
378 2922 494 2981 τῶν
533 2921 931 2996 Βαβυλωνίων.
1013 2921 1140 2981 ἔστι
1170 2919 1363 2980 αὐτόθι
1400 2917 1717 2978 Ἀλυάττεω
1755 2916 1857 2974 τοῦ

244 3007 508 3083 Κροίσου
532 3032 748 3086 πατρος
779 3012 957 3086 σῆμα,
982 3012 1084 3068 τοῦ
1110 3006 1149 3084 ἦ
1178 3007 1375 3084 κρηπὶς
1398 3008 1503 3084 μέν
1531 3011 1653 3065 ε’στι
1684 3003 1857 3062 λίθων

242 3093 510 3176 μεγάλων
534 3121 602 3156 το
629 3095 689 3154 δὲ
714 3093 865 3155 αλλο
889 3099 1053 3172 σῆμα
1077 3099 1245 3174 χῶμα
1268 3099 1391 3174 γῆς.
1460 3091 1856 3172 ἐξειργάσαπο

242 3180 309 3241 δέ
328 3207 430 3261 μιν
457 3185 515 3242 οἱ
543 3182 801 3264 οἷγοραῖοι
831 3182 1129 3260 ανθρωποι,
1159 3182 1251 3239 καὶ
1278 3184 1332 3239 οἱ
1355 3179 1730 3257 χειρώνακτες,
1759 3176 1853 3235 καὶ

242 3271 309 3331 a&
332 3269 767 3351 ἐνεργαζόμεναι
803 3270 1117 3330 παιδίσκαι·
1160 3265 1315 3340 οὖροι
1346 3267 1421 3333 δὲ,
1453 3266 1619 3324 πέντε
1650 3263 1847 3331 ἐόντες,

3 3306 357 3491 μς,
