2184 3517
236 84 462 148 46-50]
721 71 724 74 ’
760 62 766 70 “
832 83 1288 136 ΜΕΛΠΟΜΕΝΗ.
1751 82 1854 131 299

236 164 412 226 πέντε
441 166 546 242 μὲν
578 166 634 224 οἶ
673 165 909 242 ῥέοντες·
949 162 1049 224 τόν
1078 188 1142 224 τε
1179 162 1392 227 Σκύθαι
1421 160 1666 238 Πόρατα,
1690 159 1853 219 καλέ-

239 277 376 312 ουσι
421 251 702 327 Ἕλληνες
743 252 804 311 δὲ
847 249 1123 328 Πυρετόν·
1179 251 1274 309 καὶ
1311 249 1490 312 ἄλλος
1527 246 1850 324 Τιαραντός·

240 340 340 398 καὶ
378 338 620 416 Ἀραρός
652 365 732 410 τε,
762 340 855 399 καὶ
888 338 1166 415 Νάπαρις,
1195 338 1287 397 καὶ
1310 334 1652 414 Ὀρδησσός·
1694 333 1727 394 ὅ
1751 336 1856 412 μὲν

239 431 466 504 πρῶτος
506 427 730 506 λεχθεὶς
767 430 881 487 τῶν
924 428 1192 503 ποταμῶν
1226 427 1419 506 μέγας,
1462 424 1553 483 καὶ
1591 422 1733 500 πρός
1771 420 1856 498 ἦῶ

238 514 386 591 ῥέων
412 513 799 575 ἀνακοινοῦται
823 518 900 593 τῷ
925 513 1136 592 Ἴστρῳ
1160 513 1227 573 τὸ
1253 513 1417 590 ὕδωρ·
1458 511 1490 572 ὁ
1518 512 1578 572 δὲ
1605 510 1854 588 δεύτερος

238 602 487 684 λεχθεὶς,
541 600 861 679 Τιαραντὸς,
914 601 1056 679 πρὸς
1110 601 1350 678 ἑσπέρης
1393 626 1456 661 τε
1496 603 1725 677 μᾶλλον
1765 599 1858 658 καὶ

241 688 532 750 ἐλάσσων·
573 717 605 749 ο
640 690 700 749 δὲ
732 689 800 765 δή
838 687 1078 767 Ἀραρός
1108 714 1171 749 τε
1204 688 1296 747 καὶ
1331 688 1363 748 ὁ
1398 687 1661 776 Νάπαρις
1698 687 1790 747 καὶ
1820 686 1853 748 ὅ

238 774 590 853 Ὀρδησσὸς,
617 776 709 836 διὰ
747 777 930 854 μέσου
965 775 1175 837 τούτων
1203 774 1375 839 ἰόντες
1402 765 1767 852 ἐσβάλλουσι
1801 780 1857 839 ἐς

237 889 352 924 τον
365 863 613 941 ”·Ιστρον
658 862 813 925 οὗτοι
835 867 941 941 μὲν
967 864 1277 944 αὐτιγενέες
1313 862 1559 938 ποταμοὶ
1594 862 1856 927 Σκυθικοὶ

242 952 693 1029 συμπληθύουσι
736 951 923 1012 αὐτόν·
990 951 1092 1011 Ἐκ
1139 951 1199 1010 δὲ
1250 948 1619 1030 Ἀγαθύρσων
1671 950 1857 1027 Μάρις
1874 952 1944 1011 49

242 1041 506 1117 ποταμὸς
546 1041 685 1117 ῥέων
731 1039 1118 1120 συμμίσγεται
1158 1042 1236 1116 τῷ
1265 1038 1494 1116 Ἴστρῳ·
1550 1042 1612 1096 ἐκ
1656 1037 1717 1096 δὲ
1756 1041 1857 1097 τοῦ

242 1127 439 1204 Αἴμου
477 1133 588 1189 τῶν
628 1128 914 1205 κορυφέων
953 1130 1102 1203 τρεῖς
1140 1122 1314 1184 ἄλλοι
1353 1123 1597 1205 μεγάλοι
1642 1124 1858 1200 ῥέοντες

241 1212 393 1292 πρός
436 1217 621 1293 βορῆν
662 1215 867 1291 ἄνεμον
909 1212 1277 1290 ἐσβάλλουσι
1319 1217 1373 1275 ἐς
1413 1211 1598 1282 αὐτόν,
1626 1210 1857 1284 Ἀτλας,
1891 1267 1897 1272 .

244 1302 350 1361 καὶ
374 1301 573 1380 Αὔρας,
603 1303 696 1362 καὶ
721 1303 970 1379 Τίβισις·
1013 1300 1106 1361 διὰ
1132 1302 1192 1359 δὲ
1219 1301 1463 1377 Θρηίκης
1489 1300 1582 1359 καὶ
1608 1300 1858 1377 Θρηίκων

242 1392 366 1450 τῶν
391 1390 701 1467 Κροβύζων
725 1390 961 1466 ῥέοντες,
976 1387 1205 1466 Ἀθρυς,
1235 1388 1328 1446 καὶ
1351 1387 1526 1463 Νόης,
1544 1387 1637 1446 καὶ
1659 1386 1858 1465 Ἀρτά-

245 1502 369 1553 νης,
414 1478 690 1538 ἐκδιδοῦσι
730 1482 786 1540 ἐς
823 1477 923 1537 τόν
954 1475 1206 1554 Ἴστρον·
1260 1480 1322 1535 ἐκ
1368 1476 1430 1535 δὲ
1476 1474 1735 1536 Παιόνων
1765 1477 1858 1537 καὶ

248 1564 447 1642 οὔρεος
482 1565 757 1643 Ῥοδόπης
796 1566 964 1630 Σκίος
997 1563 1268 1642 ποταμὸς,
1303 1564 1486 1642 μέσον
1522 1565 1730 1643 σχίζων
1762 1564 1863 1625 τόν

247 1653 455 1730 Αἷμον,
488 1654 691 1714 ἐκδιδοῖ
723 1659 780 1718 ἐς
804 1652 993 1714 αὐτόν·
1036 1654 1101 1724 ἐξ
1127 1653 1421 1731 Ἰλλυριῶν
1453 1653 1513 1713 δὲ
1552 1654 1689 1730 ῥέων
1718 1653 1859 1731 πρὸς

245 1743 441 1819 βορῆν
467 1742 671 1821 ἄνεμον
694 1742 946 1824 Ἀγγρος
977 1740 1248 1818 ποταμός,
1279 1742 1564 1818 ἐσβάλλει
1590 1746 1645 1810 ἐς
1669 1741 1859 1801 πεδίον

246 1828 327 1889 vd
350 1830 738 1908 Τριβαλλικὸν
765 1831 857 1890 καὶ
883 1835 938 1893 ἐς
961 1828 1224 1908 ποταμὸν
1239 1829 1516 1911 Βρόγγον,
1538 1828 1571 1889 ὁ
1598 1829 1657 1887 δὲ
1684 1827 1863 1909 Βρόγ-

247 1943 359 1999 γος
390 1924 446 1982 ἐς
478 1917 577 1979 τόν
605 1917 854 1995 Ἴστρον·
897 1916 1041 1978 οὕτω
1077 1917 1449 1995 ἀμφοτέρους,
1479 1916 1668 1980 ἐόντας
1691 1916 1863 1997 μεγά-

249 2009 409 2077 λους,
435 2005 470 2067 ὅ
486 2005 713 2083 Ἴστρος
736 2006 970 2066 δέκεται.
1041 2010 1103 2065 ἐκ
1130 2006 1190 2065 δὲ
1215 2007 1316 2081 τῆς
1343 2002 1651 2082 κατύπερθε
1675 2003 1860 2083 χώρης

249 2093 601 2172 Ὀμβρίκων,
628 2093 852 2171 Κάρπις
880 2093 1137 2171 ποταμός
1173 2093 1267 2152 καὶ
1300 2091 1479 2156 ἄλλος
1493 2091 1705 2156 *Αλπις
1739 2091 1862 2173 [πο-

248 2181 478 2263 ταμὸς,]
508 2182 650 2260 πρός
687 2184 876 2260 βορῆν
900 2181 1108 2257 ἄνεμον
1134 2181 1229 2241 καὶ
1268 2176 1423 2239 οὗτοι
1459 2179 1691 2255 ῥέοντες,
1725 2180 1862 2239 ἐκδι-

252 2270 424 2330 δοῦσι
450 2275 505 2334 ἐς
531 2269 718 2331 αὐτόν.
785 2270 899 2346 ῥέει
923 2268 1034 2351 γὰρ
1062 2268 1132 2344 δὴ
1159 2268 1252 2327 διοὶ
1269 2265 1459 2342 πάσης
1478 2270 1581 2341 τῆς
1593 2265 1866 2344 Εὐρώπης

252 2357 293 2417 ὅ
326 2356 553 2435 Ἴστρος
598 2357 905 2435 ἀρξάμενος
951 2362 1012 2418 ἐκ
1055 2358 1308 2425 Κελτῶν,
1351 2352 1406 2412 οἳ
1451 2353 1685 2433 ἔσχατοι
1724 2355 1865 2432 πρὸς

250 2444 424 2520 ἦλίου
465 2446 719 2523 δυσμέων
758 2445 903 2521 μετοὶ
945 2443 1206 2521 Κύνητας
1250 2441 1498 2522 οἰκέουσι
1534 2444 1647 2501 τῶν
1693 2446 1752 2501 ἐν
1792 2446 1866 2519 τῇ

251 2530 522 2612 Εὐρώπῃ·
576 2534 713 2610 ῥέων
752 2533 813 2592 δὲ
853 2532 945 2593 διοὶ
990 2532 1182 2608 πάσης
1224 2534 1327 2607 τῆς
1365 2527 1656 2607 Εὐρώπης,
1700 2533 1755 2592 ἐς
1791 2530 1865 2589 τοὶ

252 2620 479 2702 πλάγια
526 2625 630 2697 τῆς
680 2621 920 2697 Σκυθίης
972 2621 1277 2697 ἐσβάλλει.
1359 2617 1580 2679 Τούτων
1632 2616 1709 2678 ων
1757 2620 1865 2677 τῶν
1880 2618 1959 2678 50

255 2709 715 2788 καταλεχθέντων
749 2708 843 2768 καὶ
880 2706 1074 2769 ἄλλων
1110 2709 1345 2769 πολλων
1371 2706 1866 2785 συμβαλλομένων

252 2822 327 2858 το
359 2798 640 2874 σφέτερον
677 2796 840 2874 ὕδωρ,
878 2796 1092 2878 γίνεται
1132 2824 1164 2857 ο
1195 2795 1426 2873 Ἴστρος
1464 2798 1731 2872 ποταμῶν
1767 2794 1863 2870 μέν·

253 2909 477 2967 γιστος·
532 2884 654 2945 ἐπεὶ
698 2883 841 2960 ὕδωρ
887 2909 954 2965 γε
998 2884 1058 2944 ἓν
1104 2883 1246 2960 πρός
1298 2883 1358 2942 ἓν
1405 2882 1862 2959 συμβάλλειν,ο
1846 2879 1864 2901 ‘

257 2976 474 3036 Νεῖλος
509 2972 722 3048 πλήθεϊ
760 2970 1111 3048 ἀποκρατέει·
1153 2976 1210 3034 ἐς
1247 2968 1360 3051 γσῖρ
1396 2969 1465 3046 δή
1502 2973 1702 3030 τοῦτον
1739 2967 1866 3028 οὔτε

254 3059 531 3138 ποταμός,
549 3058 676 3121 οὔτε
702 3058 875 3137 κρήνη
902 3057 1134 3135 οὐδεμία
1159 3057 1481 3127 ἐσδιδοῦσα,
1499 3061 1555 3119 ἐς
1572 3053 1793 3130 πλῆθός
1812 3057 1867 3114 οἱ

253 3146 687 3227 συμβάλλεται·
729 3146 855 3209 ἴσος
885 3145 945 3204 δὲ
976 3145 1084 3204 αἰεὶ
1115 3144 1229 3221 ῥέει
1268 3144 1326 3202 ἔν
1353 3168 1416 3202 τε
1452 3142 1600 3219 θέρεϊ
1635 3142 1727 3201 καὶ
1750 3167 1864 3220 χει-

257 3240 405 3302 μῶνι
429 3235 464 3295 ὁ
480 3234 724 3313 Ἴστρος,
756 3230 896 3292 κατοὶ
931 3231 1146 3294 τοιόνδε
1169 3255 1242 3302 τι,
1271 3229 1344 3296 ὥς
1369 3231 1495 3306 ἐμοὶ
1528 3230 1724 3290 δοκέει·
1763 3232 1865 3290 τοῦ
