2184 3517
234 148 532 215 -145—148]
902 151 1230 202 mma.
1745 152 1849 201 181

230 229 339 287 ’καὶ
376 227 569 293 Πανός
601 245 671 309 γε
705 228 837 305 πέρι
867 228 968 289 οὔκ
1001 229 1197 308 ἔχουσι
1234 232 1407 291 εἰπεῖν
1442 228 1547 306 ὅκη
1585 227 1855 307 ἐτράπετο

238 313 557 396 γενόμενος.
641 315 790 391 δῆλά
818 341 920 393 μοι
950 315 1025 376 ὦν
1064 317 1279 398 γέγονε,
1323 316 1412 377 ὅτι
1451 315 1689 394 ὕστερον
1724 316 1853 377 ἐπύ-

243 403 412 463 θοντο
452 406 508 462 οἱ
547 402 827 479 Ἕλληνες
864 402 1073 464 τούτων
1111 402 1184 463 τοὶ
1231 403 1513 482 οὐνόματα
1552 403 1591 480 ἢ
1631 403 1705 463 τοὶ
1741 408 1854 466 τῶν

240 487 436 551 ἄλλων
463 491 619 562 θεῶν,
648 490 745 551 ἀπ’
774 489 838 551 οὗ
867 491 926 551 δὲ
959 492 1231 553 ἐπύθοντο
1265 491 1472 572 χρόνου
1498 490 1612 553 ‹in-6
1648 490 1850 554 τούτου

240 578 679 660 γενεηλογέουσι
704 577 886 640 αὐτῶν
910 578 1016 657 τήν
1040 581 1281 661 γένεσιν.

321 669 515 725 Ταῦτα
540 666 647 743 μέν
676 692 774 728 νυν
799 666 959 727 αὐτοὶ
985 666 1284 749 Αἰγύπτιοι
1315 666 1571 749 λέγουσι·
1612 667 1725 729 ὅσα
1750 667 1810 728 δὲ
1829 668 1944 731 147

243 749 304 812 οἷ
320 778 386 813 τε
410 752 587 813 ἄλλοι
618 753 899 833 ἅνθρωποι
931 755 1024 814 καὶ
1055 754 1351 837 Αἰγύπτιοι
1382 756 1618 837 λέγουσι
1644 755 1849 833 ὅμολο-

239 841 465 921 γέοντες
487 845 643 901 τοῖσι
668 841 906 902 ἄλλοισι
944 841 1086 903 κατοί
1122 842 1327 919 ταύτην
1351 841 1456 918 τήν
1490 842 1678 922 χώρην
1699 844 1848 925 γενέ·
1941 911 1946 916 ,

242 929 395 999 σθαι,
438 929 593 989 ταῦτ’
632 929 742 1007 ἤδη
784 929 1007 1009 φράσω·
1073 931 1393 1008 προσέσται
1432 929 1497 990 δέ
1532 956 1590 991 τι
1628 930 1852 993 αὐτοῖσι
1927 1008 1934 1014 θ

243 1016 335 1074 καὶ
359 1020 465 1092 τῆς
492 1021 630 1094 ἐμῆς
656 1016 832 1096 ὄψιος.

319 1102 821 1181 Ἐλευθερωθέντες
873 1105 1172 1189 Αἰγύπτιοι
1228 1105 1373 1183 μετά
1424 1104 1525 1167 τᾶν
1578 1105 1699 1183 ἱρέα
1747 1109 1850 1167 τοῦ

240 1189 570 1267 Ἡφαίστου
595 1192 1042 1269 βασιλεύσαντα,
1062 1193 1283 1276 (οὐδένα
1301 1192 1412 1276 γὰρ
1438 1193 1643 1273 χρόνον
1661 1192 1849 1253 οἷοίτε

240 1277 390 1354 ἦσαν
417 1305 549 1340 ανευ
573 1282 855 1356 βασιλέος
881 1281 1289 1363 διαιτᾶσθαι,)’
1264 1281 1579 1357 εστήσαντο
1607 1280 1846 1340 δυώδεκα

238 1368 542 1442 βασιλέας,
572 1367 815 1429 δυώδεκα
843 1370 1044 1448 μοίρας
1086 1368 1393 1447 δασάμενοι
1424 1370 1711 1450 Αἴγυπτον
1740 1394 1846 1428 πα·

239 1479 369 1516 σαν.
411 1480 568 1516 ουτοι
585 1458 882 1564 ἐπιγαμίας
896 1456 1270 1534 ποιησάμενοι
1286 1458 1642 1535 ἐβασίλευον,
1660 1455 1843 1534 νόμοι-

238 1568 302 1603 σι
319 1542 540 1603 τοισίδε
557 1544 877 1622 χρεώμενοι,
893 1544 1039 1623 μήτε
1065 1545 1372 1623 καταιρέειν
1391 1544 1683 1622 ἀλλήλους
1699 1543 1845 1621 μήτε

236 1632 419 1692 πλέον
435 1657 494 1691 τι
513 1631 774 1707 δίζησθαι
794 1633 941 1713 ἔχειν
957 1632 1059 1693 τόν
1078 1632 1266 1711 ἔτερον
1283 1636 1387 1693 τοῦ
1411 1632 1597 1710 ἐτέρου
1619 1632 1762 1693 εἶναί
1781 1658 1845 1693 τε

238 1720 446 1795 φίλους
463 1717 538 1779 τοὶ
556 1719 832 1796 μάλιστα·
855 1719 1028 1781 τῶνδε
1054 1720 1115 1780 δὲ
1143 1720 1322 1780 εἵνεκα
1345 1720 1474 1785 τούς
1495 1720 1696 1797 νόμους
1719 1718 1843 1780 τού-

234 1829 363 1871 τους
380 1809 666 1867 ἐποιεῦντο
684 1811 925 1887 ἰσχυρῶς
938 1808 1424 1887 περιστέλλοντες·
1450 1805 1716 1888 ἐκέχρητό
1731 1813 1845 1885 σφι

236 1893 354 1955 κατ’
387 1893 569 1973 οἷρχοῖς
604 1893 801 1954 αὐτίκα
840 1895 1254 1974 ἐνισταμένοισι
1294 1901 1349 1961 ἐς
1382 1895 1485 1960 τᾶς
1521 1897 1844 1974 τυραννίδας

236 1980 380 2043 “τὸν
404 1982 625 2061 χαλκέῃ
658 1981 842 2063 φιάλῃ
870 1984 1191 2046 σπείσαντα
1226 1982 1405 2045 αὐτῶν
1437 1989 1497 2046 ἐν
1520 1989 1598 2063 τῷ
1623 1987 1720 2064 ἱρῷ
1743 1988 1845 2044 τοῦ

233 2067 580 2147 Ἡφαίστου,
606 2074 807 2130 τοῦτον
846 2070 1075 2149 απάσης
1107 2070 1482 2148 βασιλεύσειν
1506 2071 1843 2158 Αι’.γύπϊου.’θ

218 2146 431 2239 ἷῖγαρ
460 2157 529 2233 δη
555 2183 630 2218 τα
652 2158 837 2219 παντο.
864 2159 955 2237 ἱροὶ
981 2160 1372 2241 συνελέγοντο.
1448 2161 1565 2219 Καὶ
1596 2159 1667 2237 δή
1692 2166 1805 2236 σφι
1823 2162 1940 2222 148

234 2245 576 2326 μνημόσυνα
620 2246 774 2317 ἔδοξε
822 2247 1098 2309 λιπέσθαι
1143 2251 1320 2326 κοινῇ·
1389 2246 1560 2315 δόξαν
1601 2246 1665 2307 δέ
1707 2254 1837 2325 σφι,

236 2332 582 2410 ἐποιήσαντο
608 2334 956 2413 λαβύρινθον
983 2335 1181 2417 ὀλίγον
1210 2334 1350 2412 ὑπὲρ
1385 2338 1487 2410 τῆς
1513 2335 1713 2412 λίμνης
1741 2340 1843 2411 τῆς

235 2423 478 2499 Μοίριος
504 2422 646 2483 κατοὶ
685 2423 1076 2502 Κροκοδείλων
1118 2421 1461 2499 καλεομένην
1485 2422 1656 2482 πόλιν
1679 2422 1843 2499 μάλι-

235 2509 350 2570 στά
388 2535 460 2587 κη
501 2512 770 2588 κείμενον·
811 2511 912 2572 τόν
947 2510 1056 2592 ἐγῶ
1082 2509 1190 2587 ἤδη
1227 2511 1345 2571 ἴδον
1379 2508 1556 2593 λόγου
1590 2512 1755 2587 μέζω·
1797 2513 1846 2572 εἲ

233 2597 345 2678 γάρ
371 2624 459 2661 τις
479 2598 556 2678 ,τοὶ
582 2599 646 2669 ἐξ
667 2597 958 2675 Ἑλλήνων
976 2598 1165 2679 τείχεά
1184 2624 1247 2659 τε
1273 2599 1365 2659 καὶ
1392 2599 1564 2681 ἔργων
1585 2598 1846 2670 ἀπόδεξιν

233 2687 671 2769 συλλογίσαιτο,
710 2686 1028 2751 ἐλάσσονος
1062 2686 1240 2748 πόνου
1268 2712 1334 2748 τε
1368 2686 1436 2748 ἂν
1471 2688 1564 2747 καὶ
1599 2687 1846 2765 δαπάνης

234 2775 442 2850 φανείη
471 2774 635 2836 ἐόντα
657 2778 760 2835 τοῦ
786 2775 1136 2853 λαβυρίνθου
1160 2774 1381 2837 τούτου·
1424 2777 1547 2858 (καί
1577 2802 1667 2837 τοι
1696 2776 1845 2848 ἄξιό-

231 2861 408 2943 λογός
433 2888 503 2944 γε
529 2863 622 2921 καὶ
648 2862 681 2923 ὁ
709 2868 768 2924 ἐν
790 2862 1021 2943 Ἐφέσῳ
1047 2864 1172 2925 ἐστὶ
1198 2863 1344 2940 νηός,
1373 2864 1466 2923 καὶ
1491 2864 1525 2926 ὅ
1552 2869 1611 2924 ἐν
1631 2864 1843 2946 Σάμον)

231 2947 386 3026 ἦσαν
422 2951 532 3028 μέν
566 2976 664 3012 νυν
701 2951 796 3011 καὶ
830 2954 890 3011 αἶ
917 2952 1221 3029 πυραμίδες
1256 2950 1436 3033 λόγου
1469 2952 1710 3029 μέζονες,
1753 2953 1846 3013 καὶ

230 3041 472 3099 πολλῶν
500 3036 711 3116 ἑκάστη
739 3037 945 3100 αὐτέων
973 3039 1321 3115 Ἑλληνικῶν
1358 3040 1530 3119 ἔργων
1557 3040 1650 3098 καὶ
1672 3039 1843 3120 μεγά-

233 3126 350 3186 λων
377 3125 632 3202 οἷνταξίη·
676 3126 708 3186 ὁ
736 3127 798 3185 δὲ
823 3126 891 3201 δή
917 3125 1264 3202 λαβύρινθος
1288 3125 1381 3183 καὶ
1406 3125 1507 3188 τοῖς
1529 3126 1843 3202 πυραμίδας

234 3211 612 3290 ὑπερβάλλει.
686 3217 786 3273 τοῦ
805 3212 917 3293 γάρ
944 3212 1186 3270 δυώδεκα
1209 3211 1316 3288 μέν
1342 3214 1453 3271 εἶσι
1480 3211 1648 3271 αὐλαὶ
1675 3212 1842 3272 κατά·

236 3321 438 3380 στεγοι
473 3298 770 3362 α’ντίπυλοι
803 3297 1118 3377 ἀλλήλῃσι,
1148 3297 1212 3367 ἐξ
1246 3299 1351 3373 μὲν
1376 3297 1518 3375 πρός
1554 3299 1765 3378 βορέω,
1785 3298 1851 3369 ἓξ
