2184 3517
316 113 414 161 202
914 110 1283 159 ἫΡοΔοΤοΤ
1780 109 1926 174 [111.

313 214 400 253 τις
436 185 521 257 ἂν,
562 190 740 247 ταῦτα
775 188 1236 263 άναισιμοῦνται;
1279 187 1388 268 ἐγῶ
1428 189 1523 248 καὶ
1560 192 1732 250 τοῦτο
1772 189 1924 266 φρά-

315 302 418 337 σω·
468 275 553 334 δεῖ
583 273 684 335 τόν
723 276 828 351 μὲν
865 274 1154 354 δήμαρχον
1187 275 1427 336 ἕκαστον
1468 280 1529 335 ἐκ
1568 279 1672 352 τῆς
1714 280 1931 338 ἑωυτοῦ

315 363 515 427 πόλιος
567 363 922 432 συλλέξαντα
974 362 1160 423 πάντα
1211 362 1315 423 τᾶν
1358 363 1603 441 κέραμον
1650 363 1807 445 ἄγειν
1866 371 1931 431 ἐς

315 453 573 528 Μέμφιν·
647 450 776 514 τοῦς
828 450 888 509 δὲ
938 456 999 511 ἐκ
1060 453 1332 527 Μέμφιος
1388 457 1444 515 ἐς
1493 456 1673 512 ταῦτα
1724 453 1793 529 δή
1847 454 1930 514 ταῖ

315 538 521 617 ανυδρα
587 542 686 613 τῆς
748 540 950 615 Συρίης
1018 540 1262 651 κομίζειν
1313 539 1651 615 πλήσαντας
1698 539 1928 605 ὕδατος·

315 628 458 689 οὕτω
508 626 543 690 o‘
596 628 925 739 ἐπιφοιτέων
983 627 1223 704 κέραμος
1282 627 1375 686 καὶ
1428 627 1808 705 ἐξαιρεόμενος
1864 635 1930 690 ἐν

315 715 578 796 Αἰγύπτῳ
634 716 725 775 ἐπὶ
782 740 882 775 τον
938 716 1187 777 παλαιόν
1246 716 1530 792 κομίζεται
1584 720 1640 779 ἐς
1692 716 1926 794 Συρίην.

253 804 286 864 ’7
317 803 479 863 Οὕτω
503 803 607 880 μέν
638 828 734 863 νυν
767 804 993 879 Πέρσαι
1030 803 1144 862 εἰσὶ
1185 805 1240 862 οἱ
1273 801 1380 878 τήν
1420 801 1683 879 ἐσβολήν
1709 805 1928 881 ταύτην

314 890 841 967 παρασκευάσαντες
888 890 973 950 ἐπ’
1018 891 1321 972 Αἴγυπτον,
1367 890 1509 951 κατὰ
1550 890 1619 965 δὴ
1660 890 1732 950 τὰ
1775 895 1926 968 εἴρη-

313 980 457 1058 μένα
498 979 766 1050 σάξαντες
808 979 982 1050 ὕδατι,
1025 980 1151 1038 ἐπεί
1187 1004 1250 1038 τε
1292 978 1539 1058 τάχιστα
1583 978 1926 1055 παρέλαβον

315 1071 618 1149 Αἴγυπτον·
670 1067 797 1128 τότε
844 1068 904 1127 δὲ
947 1066 1047 1126 οῦκ
1089 1066 1276 1130 ἐόντος
1319 1093 1396 1125 κω
1435 1066 1634 1130 ὕδατος
1676 1069 1924 1143 ἑτοίμου,

317 1157 643 1234 Καμβύσης
687 1155 998 1232 πυθόμενος
1042 1159 1143 1213 τοῦ
1184 1154 1677 1231 Ἀλικαρνησσῆος
1717 1155 1921 1226 ξείνου,

314 1246 540 1324 πέμψας
584 1244 737 1322 παρὰ
782 1244 884 1304 τὸν
927 1242 1205 1319 Ἀράβιον
1247 1242 1525 1323 ἀγγέλους
1567 1243 1660 1301 καὶ
1705 1243 1923 1319 δεηθεὶς

312 1338 413 1409 τῆς
452 1332 772 1408 ἀσφαλείης
809 1333 984 1411 ἔτυχε,
1013 1331 1205 1394 πίστις
1239 1329 1366 1393 δούς
1404 1356 1468 1390 τε
1493 1330 1586 1389 καὶ
1620 1330 1924 1407 δεξάμενος

314 1419 445 1496 παρ’
472 1420 663 1480 αὐτοῦ.

260 1510 297 1566 8
396 1508 673 1584 Σέβονται
727 1507 788 1565 δὲ
837 1506 1104 1584 Ἀράβιοι
1155 1507 1346 1570 πίστις
1392 1504 1695 1584 ἀνθρώπων
1745 1507 1922 1585 ὁμοῖα

311 1597 464 1655 τοῖσι
498 1593 771 1671 μάλιστα.
855 1599 1139 1655 ποιεῦνται
1179 1595 1240 1654 δὲ
1273 1593 1444 1658 αύτας
1481 1593 1670 1674 τρόπω
1704 1595 1918 1674 τοιῷδε·

311 1687 421 1743 τῶν
466 1682 830 1759 βουλομένων
872 1681 944 1742 τοὶ
991 1682 1172 1742 πιστοὶ
1212 1683 1506 1743 ποιέεσθαι
1551 1681 1732 1747 ἄλλος
1774 1655 1921 1761 οἷινὴρ

312 1770 641 1847 οἷμφοτέρων
667 1768 849 1831 αὐτῶν
876 1775 934 1830 ἐν
959 1770 1119 1849 μέσῳ
1147 1769 1366 1840 ἑστεώς,
1393 1771 1534 1850 λίθῳ
1561 1770 1684 1841 ὀξέϊ
1706 1770 1774 1832 τό
1802 1773 1921 1831 ἔσω

311 1862 421 1918 τῶν
469 1861 669 1938 χειρῶν
719 1856 876 1935 παρὰ
918 1858 1048 1922 τοῦς
1096 1858 1401 1922 δακτύλους
1450 1857 1582 1922 τοῦς
1629 1858 1921 1941 μεγάλους

313 1947 598 2023 ἐπιτάμνει
637 1949 748 2007 τῶν
791 1947 1130 2024 ποιευμένων
1169 1945 1272 2010 ταῖς
1311 1947 1521 2010 πίστις·
1590 1949 1682 2006 καὶ
1723 1948 1919 2008 ἔπειτα
1959 1997 1978 2001 -

310 2034 510 2110 λαβών
535 2039 596 2094 ἐκ
620 2039 722 2095 τοῦ
750 2035 969 2111 ἱματίου
1002 2035 1262 2111 ἐκατέρου
1303 2034 1559 2112 κροκύδα,
1586 2034 1812 2112 ἀλείφει
1832 2040 1918 2116 τῷ

310 2122 504 2199 αἵματι
550 2128 608 2183 ἐν
652 2124 809 2203 μέσῳ
852 2124 1134 2200 κειμένους
1173 2122 1367 2186 λίθους
1415 2123 1572 2183 ἑπτά·
1639 2128 1809 2184 τοῦτο
1850 2125 1918 2184 δὲ

309 2211 508 2273 ποιέων
536 2213 815 2272 ἐπικαλέει
841 2211 940 2272 τόν
964 2237 1026 2271 τε
1055 2210 1337 2271 Διόνυσον
1363 2211 1456 2270 καὶ
1481 2211 1585 2287 τήν
1612 2211 1913 2288 Οὐρανίην·

309 2301 732 2364 ἐπιτελέσαντος
765 2300 823 2359 δὲ
863 2297 1062 2358 τούτου
1094 2301 1286 2368 ταῦτα,
1324 2297 1357 2357 ὅ
1390 2298 1492 2361 τὰς
1523 2298 1715 2363 πίστις
1752 2325 1913 2376 ποιη-

309 2387 551 2465 σάμενος
581 2393 733 2449 τοῖσι
769 2388 999 2464 φίλοισι
1037 2388 1331 2467 παρεγγυᾷ
1360 2385 1460 2446 τόν
1497 2386 1692 2456 ξεῖνον,
1718 2386 1781 2466 (ἢ
1817 2389 1915 2447 καὶ

308 2476 406 2536 τᾶν
441 2476 618 2538 οἷστόν
642 2475 712 2552 ἢν
745 2476 885 2553 πρός
913 2474 1090 2535 άστόν
1116 2474 1413 2552 ποιέηται,)
1444 2477 1498 2534 οἱ
1523 2474 1780 2550 δὲφίλοι
1817 2477 1915 2535 καὶ

311 2563 469 2623 αὐτοὶ
493 2563 594 2628 τοὶς
625 2565 816 2627 πίστις
848 2564 1121 2624 δικαιεῦσι
1156 2563 1456 2639 σέβεσθαι.
1541 2561 1824 2622 Διόνυσον
1848 2563 1915 2623 δὲ

310 2652 438 2712 θεόν
473 2656 684 2729 μοῦνον
724 2653 817 2709 καὶ
854 2652 959 2728 τήν
1000 2651 1281 2729 Οὐρανίην
1318 2649 1581 2731 ἡγεῦνται
1616 2650 1774 2710 εἶναι·
1815 2652 1917 2712 καὶ

310 2741 420 2799 τῶν
469 2742 675 2818 τριχῶν
725 2738 832 2814 τὴν
884 2739 1087 2816 κουρὴν
1136 2739 1426 2815 κείρεσθαί
1468 2744 1618 2814 φασι
1660 2737 1914 2817 κατάπερ

310 2826 476 2888 αὐτὸν
504 2826 604 2887 τᾶν
631 2827 910 2887 Διόνυσον
947 2826 1228 2903 κεκάρθαι·
1270 2827 1543 2903 κείρονται
1570 2826 1631 2886 δὲ
1654 2827 1914 2904 περιτρό-

306 2921 477 2995 χαλα,
518 2916 933 2993 περιξυροῦντες
972 2913 1104 2977 τοῦς
1139 2914 1469 2991 κροτάφους·
1531 2914 1915 2991 οὖνομάζουσι

308 3005 368 3063 δὲ
418 3004 517 3063 τὸν
566 3005 669 3078 μὲν
724 3000 1003 3062 Διόνυσον
1052 3000 1318 3078 Ὀροτοὶλ,
1360 3002 1467 3077 τὴν
1519 3003 1581 3063 δὲ
1628 3001 1920 3081 Οὐρανίην

305 3089 566 3148 Ἀλιλάπ

253 3179 289 3233 9
385 3175 545 3234 Ἐπεὶ
573 3173 648 3235 ὧν
680 3201 784 3251 την
813 3177 1008 3238 πίστιν
1041 3180 1196 3237 τοῖσι
1227 3141 1527 3258 ἀγγέλοισι
1560 3182 1716 3240 τοῖσι
1750 3179 1916 3256 παροὶ

308 3261 700 3337 Καμβύσεω’
664 3266 905 3345 απιγμέι
909 3290 1024 3324 οισι
1053 3263 1362 3338 ἐποιήσατο
1392 3264 1425 3324 ὁ
1455 3265 1801 3342 Ἀράβιος,’
1773 3290 1912 3343 εμη-
