2184 3517
369 110 469 165 2⁷4
984 109 1352 160 ἮΡοΔοτοτ
1496 112 1513 126 ·
1835 105 1982 171 [111.

279 192 395 254 152
412 189 518 262 ζων
542 187 612 251 ἂν
632 186 869 266 ἡμίονον
889 192 1089 250 τεκεῖν·
1119 187 1302 249 ‘En-rat
1326 188 1388 248 δὲ
1410 189 1601 266 μηνῶν
1615 187 1706 247 καὶ
1720 188 1986 248 ἐνιαυτοῦ

371 275 769 353 διεληλυθότος
790 274 917 352 ἤδη,
933 276 966 336 ὅ
993 275 1233 353 Δαρεῖός
1255 302 1319 336 τε
1336 274 1602 354 ἤσχαλλε
1622 276 1712 334 καὶ
1735 274 1773 350 ἦ
1797 299 1985 352 στρα-

369 364 464 441 τιὴ
495 369 661 425 πᾶσα
687 363 755 424 σι’
781 364 987 438 δυνατή
1026 367 1202 424 ἐοῦσα
1228 366 1376 423 ἑλεῖν
1399 361 1531 426 τούς
1556 363 1982 438 Βαβυλωνίους·

373 453 473 513 καί
496 479 587 514 τοι
624 451 809 512 πάντα
845 452 1188 528 σοφίσματα
1223 452 1317 511 καὶ
1348 451 1540 515 πάσας
1562 449 1813 529 μηχανὰς
1852 455 1985 509 ἐπε·

370 540 600 617 ποιήκεε
634 545 689 604 ἐς
729 538 930 603 αὐτοῦς
973 543 1231 617 Δαρεῖος·
1288 538 1420 600 ἀλλ’
1470 537 1583 599 οὐδ’
1631 538 1701 601 ὣς
1745 536 1984 599 ἐδύνατο

373 632 523 689 ἑλεῖν
562 627 764 705 σφέας,
805 625 1046 687 ἄλλοισί
1084 653 1149 688 τε
1188 628 1524 703 σοφίσμασι
1567 624 1985 704 πειρησάμενος

373 716 466 777 καὶ
492 714 560 792 δή
587 716 681 775 καὶ
704 718 782 794 τῷ
807 716 995 792 Κῦρος
1019 714 1141 775 εἷλέ
1162 721 1348 791 σφεας
1373 715 1467 774 καὶ
1489 713 1665 793 τούτῳ
1690 711 1982 791 ἐπειρήθη·

376 803 534 864 ἀλλὰ
562 804 674 886 γὰρ
712 802 898 865 δεινῶς
925 801 1077 878 ἦσαν
1110 808 1171 864 ἐν
1198 806 1493 883 φυλακῇσι
1518 805 1574 862 οἱ
1597 799 1981 878 Βαβυλώνιοι,

375 891 507 954 οὐδέ
529 898 715 968 σφεας
740 890 855 955 οἷός
877 915 941 950 τε
963 889 1036 967 ἦν
1061 894 1231 951 ἑλεῖν.

283 981 402 1046 153
479 979 776 1049 Ἑνθαῦτα,
805 982 1038 1057 εἰκοστῷ
1061 979 1213 1055 μηνὶ,
1241 977 1485 1057 Ζωπύρῳ
1517 981 1595 1056 τῷ
1632 974 1989 1058 Μεγαβύζου

376 1066 441 1132 ὃς
461 1071 575 1129 τῶν
600 1066 741 1127 ἑπτὰ
764 1065 977 1144 ἀνδρῶν
1002 1067 1221 1147 ἐγένετο
1246 1069 1357 1127 τῶν
1373 1064 1477 1126 τᾶν
1494 1063 1699 1146 Μάγον
1719 1061 1987 1124 κατελόν·

376 1182 503 1228 των,
528 1155 730 1217 τούτου
763 1157 865 1216 τοῦ
902 1153 1252 1235 Μεγαβύζου
1290 1154 1452 1214 παιδὶ
1483 1152 1725 1232 Ζωπύρῳ
1761 1152 1989 1234 ἐγένετο

376 1245 541 1322 τέρας
562 1243 711 1307 τόδε·
749 1247 861 1304 τῶν
886 1245 941 1302 οἶ
967 1241 1290 1319 σιτοφόρων
1312 1239 1562 1318 ἡμιόνων
1581 1241 1686 1318 μία
1709 1241 1881 1300 ἔτεκε·
1913 1239 1992 1304 ὥς

383 1333 449 1393 δέ
479 1334 534 1392 οἶ
576 1331 890 1414 ἐξαγγέλθη
916 1331 1009 1390 καὶ
1030 1329 1145 1390 find
1175 1329 1443 1405 ἀπιστίης
1469 1328 1634 1392 αύτος
1647 1328 1691 1390 ὅ
1719 1328 1992 1407 Ζωπυρος

388 1418 501 1479 εἶδε
522 1417 589 1479 τό
613 1419 852 1497 βρέφος,
879 1417 1129 1481 α’πείπας
1144 1421 1299 1478 τοῖσι
1334 1416 1594 1477 δούλοισι
1616 1416 1812 1494 μηδενὶ
1838 1415 1991 1494 φρα-

311 1506 324 1519 '
384 1507 500 1578 ζειν
534 1532 601 1566 το
642 1507 890 1587 γεγονὸς,
933 1505 1290 1583 ἐβουλεύετο·
1354 1531 1447 1566 και
1489 1532 1543 1565 οι
1583 1505 1725 1585 πρὸς
1768 1530 1841 1565 τα
1884 1509 1993 1566 τοῦ

384 1594 809 1669 Βαβυλωνίουο
779 1592 1020 1671 ρήματα,
1048 1619 1112 1658 ος
1136 1593 1255 1654 κατ’
1281 1592 1460 1673 ἆρχας
1487 1595 1713 1670 ἔφησε’
1688 1591 1857 1654 επεοίν
1878 1618 1993 1671 περ

381 1680 608 1760 ἡμίονοι
630 1682 836 1741 τέκωσι
860 1679 991 1741 τότε
1017 1680 1086 1741 vd
1112 1686 1300 1760 τεῖχος
1325 1680 1673 1751 ἁλώσεσθαι,
1692 1679 1837 1760 πρός
1859 1679 1994 1741 ταύ-

381 1795 488 1847 την
520 1767 627 1845 τήν
660 1768 858 1846 φήμην
894 1769 1137 1850 Ζωπύρῳ
1173 1768 1357 1830 ἐδόκεε
1388 1769 1528 1829 εἶναι
1556 1768 1850 1845 ἁλώσιμος
1880 1768 1995 1847 ἤδη

383 1857 426 1934 ἦ
453 1855 761 1933 Βαβυλών·
802 1856 910 1917 σῦν
942 1857 1056 1938 γὰρ
1090 1858 1201 1937 θεῷ
1225 1856 1435 1918 ἐκεῖνόν
1456 1882 1521 1917 τε
1546 1860 1718 1917 εἰπεῖν
1742 1857 1837 1916 καὶ
1863 1860 1994 1917 ἑωυ-

292 1946 501 2024 154τῷ
537 1947 719 2004 τεκεῖν
744 1943 849 2021 τὴν
874 1943 1128 2021 ἡμίονον.
1193 1945 1292 2009 Ὡς
1317 1945 1381 2005 δέ
1404 1948 1460 2004 οἱ
1489 1943 1671 2005 ἐδόκεε
1703 1944 1997 2023 μόρσιμον

386 2032 526 2099 εἶναι
550 2031 657 2109 ἤδη
683 2036 756 2111 τῇ
783 2034 1092 2110 Βαβυλῶνι
1125 2031 1485 2104 ἁλίσκεσθαι,
1511 2033 1851 2112 προσελθὼν
1878 2040 1995 2094 Δα-

383 2122 513 2201 ρείῳ
550 2118 983 2193 ἀπεπυνθάνετο,
1017 2124 1066 2181 εἰ
1100 2121 1229 2198 περὶ
1264 2124 1489 2180 πολλοῦ
1528 2119 1706 2198 κάρτα
1742 2122 1997 2183 ποιέεται

384 2210 491 2287 τήν
525 2211 851 2286 ’.Βαβυλῶνα
890 2210 1073 2278 ἑλεῖν;
1115 2208 1519 2286 πυθόμενοςιδὲ
1558 2207 1632 2272 ὥς
1660 2212 1891 2269 πολλοῦ
1914 2235 1997 2270 τι·

385 2301 557 2377 μιξὴο,
594 2294 744 2357 ἄλλο
781 2295 1118 2375 ἐβουλεύετο
1152 2295 1290 2361 ὅκως
1325 2295 1491 2360 αὐτός
1514 2321 1577 2357 τε
1604 2296 1765 2357 ἔσται
1790 2297 1825 2357 ὁ
1851 2299 2001 2359 ἑλῶν

389 2385 565 2463 αὐτὴν
583 2385 675 2445 καὶ
702 2387 904 2445 ἑωυτοῦ
927 2383 993 2445 r&
1021 2385 1184 2464 ἔργον
1204 2385 1381 2444 ἔσται·
1423 2383 1600 2462 κάρτα
1622 2384 1735 2466 γὰρ
1762 2388 1823 2445 ἐν
1839 2389 2001 2447 τοῖσι

388 2475 657 2554 Πέρσῃσι
694 2476 754 2533 αἱ
793 2472 1157 2554 ἀγαθοεργίαι
1174 2478 1245 2537 7ἐς
1277 2471 1344 2533 τό
1376 2472 1576 2550 πρόσω
1613 2472 1893 2554 μεγάθεος
1917 2500 2000 2534 τι-

390 2565 622 2639 μῶνται.
690 2560 852 2641 ἅλλῳ
882 2561 987 2638 μέν
1021 2586 1120 2622 νυν
1154 2559 1254 2620 οὐκ
1285 2560 1562 2640 ἐφράζετο
1598 2562 1740 2642 ἔργῳ
1765 2561 2002 2627 δυνατὰς

395 2648 539 2708 εἶναί
573 2673 672 2724 μιν
709 2647 1038 2727 ὖποχειρίην
1078 2651 1335 2724 ποιῆσαι,
1379 2652 1428 2709 εἰ
1467 2647 1517 2708 δ’
1564 2649 1762 2710 ἑωυτὸν
1803 2652 2001 2727 λωβη-

391 2759 637 2812 σαμενος
677 2733 1089 2812 αυτομολήσειε
1129 2741 1187 2800 ἐς
1225 2735 1437 2800 αὐτούς.
1510 2738 1811 2798 ἐνθαῦτα’
1776 2763 1843 2797 εν
1868 2743 2001 2797 ἐλα-

392 2825 519 2928 φρῷ
540 2819 935 2899 ποιησάμενος,
956 2823 1159 2884 ἑωυτὸν
1173 2825 1434 2900 λωβᾶται
1450 2823 1702 2901 λώβην’
1666 2824 2000 2901 ανήκεστον·

388 2907 692 2984 ἀποπιμων
715 2907 827 2988 γὰρ
865 2912 1069 2969 ἑωυτοῦ
1102 2911 1208 2985 τήν
1230 2914 1359 2988 ῥῖνα
1398 2912 1491 2971 καὶ
1514 2911 1588 2970 τοὶ
1617 2910 1748 2982 ὦτα,
1777 2913 1872 2972 καὶ
1897 2911 2004 2989 τὴν

393 2995 570 3070 κόμην
596 3019 775 3057 κακως
798 2996 1128 3072 περικείρας,
1147 2998 1240 3055 καὶ
1264 3022 1654 3078 μαστιγωσας,
1672 2998 1819 3075 ἦλθε
1842 3000 2002 3076 παρὰ

301 3081 413 3140 155
433 3081 691 3154 Δαρεῖον.
773 3084 1012 3157 Δαρεῖος
1051 3081 1112 3141 δὲ
1153 3082 1327 3160 κάρτα
1366 3085 1590 3160 βαρέως
1627 3084 1828 3160 ἤνὲικε,
1872 3087 2002 3147 ἶδων

373 3163 565 3240 ανδρα
595 3163 980 3242 δοκιμωτατον
996 3170 1419 3245 λελωβημένον·
1462 3172 1522 3230 ἔκ
1559 3194 1624 3232 τε
1653 3176 1756 3235 τοῦ
1794 3173 2003 3251 θρόνου

394 3247 760 3324 αναπηδήσας
791 3250 1051 3328 ἀνέβωσέ
1083 3277 1148 3312 τε
1177 3255 1271 3313 καὶ
1308 3255 1486 3335 εἴρετό
1509 3282 1627 3335 μιν,
1655 3256 1816 3324 ὅστις
1843 3284 1932 3336 ειη
1966 3260 2001 3319 ὅ
