2184 3517
324 108 420 155 204
933 110 1302 159 ·HP0Aomo‘r
1785 106 1925 172 [111.

317 184 654 263 ἀλλόθροον,
691 199 695 203 “
701 191 1058 267 μηχανῶνται
1102 191 1341 268 πρῆγμα
1382 192 1437 250 ἐς
1483 184 1656 246 αὐτόν
1688 186 1927 246 τοιόνδε·

319 272 468 350 ἦσαν
497 279 575 353 τῷ
606 274 761 353 Φάνῃ
788 276 980 339 παῖδες
1016 281 1075 335 ἐν
1109 275 1374 356 Αἰγύπτῳ
1403 275 1927 351 καταλελειμμένοι·

320 362 449 425 τούς
487 362 789 444 ἀγαγόντες
830 369 884 426 ἐς
922 363 989 423 τὸ
1031 362 1413 440 στρατόπεδον
1451 363 1544 421 καὶ
1577 368 1634 425 ἐς
1670 361 1800 439 ὄψιν
1823 365 1930 421 τοῦ

321 449 547 528 πατρός,
586 455 834 528 κρητῆρα
866 456 926 511 ἐν
955 451 1113 530 μέσῳ
1155 451 1404 526 ἔστησαν
1444 449 1776 527 ἀμφοτέρων
1812 453 1930 510 τῶν

323 539 731 614 στρατοπέδων·
771 538 915 615 μετοὶ
945 540 1021 610 δὲ,
1050 538 1362 620 ἀγινέοντες
1395 537 1536 598 κατά
1565 538 1659 600 ἕνα
1685 538 1931 597 ἕκαστον

322 630 433 685 τῶν
473 627 682 692 παίδων
724 628 974 704 ἔσφαζον
1007 632 1062 690 ἐς
1097 626 1195 686 τόν
1240 630 1508 704 κρητῆρα·
1572 625 1664 685 διά
1704 625 1930 686 πάντων

325 713 384 771 δὲ
435 713 806 783 διεξελθόντες
863 719 973 775 τῶν
1034 716 1260 785 παίδων,
1316 714 1467 774 οἶνόν
1522 740 1585 774 τε
1639 714 1730 772 καὶ
1778 712 1929 790 ὕδωρ

327 801 634 878 ἐσεφόρεον
687 808 743 866 ἐς
795 801 979 863 αὐτόν·
1065 802 1356 880 ἐμπιόντες
1420 802 1481 861 δὲ
1537 806 1638 862 τοῦ
1690 802 1932 878 αἵματος

323 888 525 953 πάντες
550 894 604 949 οἱ
631 892 911 969 ἐπίκουροι
949 890 1090 950 οὕτω
1124 890 1192 966 δὴ
1230 892 1572 966 συνέβαλον.
1653 888 1841 968 μάχης
1867 890 1931 948 δὲ

325 979 623 1059 γενομένης
675 982 942 1055 καρτερῆς
995 980 1088 1037 καὶ
1140 978 1427 1038 πεσόντων
1480 978 1545 1047 ἐξ
1592 976 1932 1090 ἀμφοτέρων

324 1071 434 1127 τῶν
488 1067 878 1145 στρατοπέδων
934 1064 1145 1143 πλήθεϊ
1211 1069 1459 1136 πολλων,
1515 1065 1816 1142 ἐτράποντο
1873 1069 1933 1126 οἱ

326 1153 640 1237 Αἰγύπτιοι.
838 1173 873 1208 N

235 1244 309 1302 12
409 1248 617 1320 Θῶυμα
660 1243 721 1304 δὲ
773 1242 921 1323 μέγα
958 1242 1077 1302 ἴδον
1116 1241 1431 1320 πυθόμενος
1468 1241 1623 1320 παρὰ
1661 1246 1770 1301 τῶν
1808 1246 1931 1301 ἔπι-

329 1332 559 1410 χωρίων·
599 1336 711 1391 τῶν
740 1357 851 1412 γαρ
894 1330 1105 1390 όστεων
1131 1330 1573 1409 περικεχυμένων
1596 1328 1765 1409 χωρὶς
1802 1333 1932 1388 ἑκα-

326 1420 497 1495 τέρων
520 1423 631 1479 τῶν
667 1424 725 1479 ἐν
759 1423 832 1497 τῇ
872 1418 1030 1531 μάχῃ
1056 1419 1233 1497 ταύτῃ
1263 1417 1569 1479 πεσόντων·
1610 1418 1798 1496 (χωρὶς
1819 1419 1933 1494 μὲν

325 1506 435 1586 γάρ
488 1510 598 1566 τῶν
645 1507 912 1583 Περσέων
967 1508 1149 1567 ε’κέετο
1188 1506 1260 1567 τοὶ
1299 1505 1491 1577 ὀστέα,
1533 1532 1605 1569 ως
1645 1507 1933 1593 ἐχωρίσθη

330 1592 445 1653 κατ’
473 1592 667 1672 ἀρχοῖς,
698 1594 920 1670 ἑτέρωθι
958 1594 1019 1653 δὲ
1051 1598 1163 1654 τῶν
1199 1594 1557 1675 Αἰγυπτίων)
1601 1620 1659 1652 αι
1688 1596 1791 1670 μὲν
1812 1598 1933 1655 τῶν

329 1683 594 1759 Περσέων
621 1682 872 1757 κεφαλαί
895 1686 1006 1741 εἰσι
1033 1681 1293 1745 ἀσθενέες
1318 1681 1473 1753 οὕτω,
1497 1708 1642 1741 ωστε
1670 1686 1717 1741 εἰ
1744 1682 1933 1746 θέλεις

325 1769 499 1849 ψήφῳ
559 1768 738 1848 μούνῃ
803 1770 1039 1847 βαλέειν
1100 1770 1512 1847 διατετρανέεις·
1594 1774 1653 1829 αἱ
1704 1770 1766 1829 δὲ
1812 1774 1933 1831 τῶν

325 1858 640 1939 Αἰγυπτίων
674 1857 815 1918 οὕτω
847 1858 916 1934 δή
948 1884 1004 1918 τι
1047 1859 1292 1938 ἰσχυραὶ,
1324 1857 1490 1940 μόγις
1529 1856 1598 1918 ἂν
1626 1859 1769 1937 λίθῳ
1799 1863 1933 1918 παί-

327 1972 435 2010 σας
462 1945 822 2023 διαρρήξειας.
907 1946 1084 2007 αἵτιον
1124 1948 1184 2006 δὲ
1207 1946 1407 2006 τούτου
1440 1946 1568 2007 τόδε
1595 1948 1806 2028 ἔλεγον,
1834 1947 1933 2006 καὶ

331 2035 431 2111 ε’μέ
461 2033 514 2115 γ’
554 2033 817 2098 εὐπετέως
853 2035 1090 2095 ἔπειθον·
1134 2033 1221 2094 ὅτι
1253 2033 1550 2116 Αἰγύπτιοι
1588 2037 1692 2111 μὲν
1730 2034 1935 2095 αὐτίκα

327 2121 438 2183 ἀπό
474 2122 705 2183 παιδίων
737 2121 1035 2200 ἀρξάμενοι
1076 2122 1361 2199 ξυρεΰνται
1395 2122 1497 2187 τάς
1532 2122 1801 2199 κεφαλὰς,
1836 2123 1937 2182 καὶ

326 2212 468 2289 πρὸς
516 2211 617 2272 τόν
665 2210 831 2287 ἥλιον
883 2210 1189 2289 παχύνεται
1240 2210 1307 2271 τό
1362 2210 1581 2271 ὀστέον·
1648 2210 1827 2271 τῶυτό
1872 2212 1937 2271 δὲ

329 2305 494 2361 τοῦτο
522 2301 614 2359 καὶ
639 2304 739 2360 τοῦ
765 2298 847 2377 μή
887 2300 1324 2375 φαλακροῦσθαι
1360 2298 1539 2375 αἴτιόν
1576 2304 1718 2359 ἐστι·
1760 2304 1936 2381 Αἰγυ-

329 2389 499 2450 πτίων
550 2388 660 2471 γὰρ
716 2386 785 2471 ἀν
836 2413 919 2451 τις
974 2387 1313 2465 ἐλαχίστους
1364 2386 1539 2446 ἴδοιτο
1601 2388 1937 2465 φαλακροῦς

329 2481 544 2537 πάντων
597 2474 914 2553 ἀνθρώπων·
997 2475 1251 2535 τούτοισι
1301 2476 1407 2551 μὲν
1458 2473 1528 2551 δή
1580 2475 1751 2535 τοῦτό
1805 2481 1937 2536 ε’στι

333 2569 504 2625 αἴτιον
532 2564 765 2642 ἰσχυράς
793 2564 1015 2641 φορέειν
1040 2562 1143 2626 τάς
1169 2562 1439 2639 κεφαλάς.
1514 2567 1668 2623 τοῖσι
1695 2564 1755 2621 δὲ
1783 2565 1936 2642 Πέρ-

329 2678 468 2729 ιτῃσι
521 2676 608 2711 οτι
661 2648 930 2714 ἀσθενέας
984 2652 1258 2729 φορέουσι
1296 2650 1400 2713 τσῖς
1438 2651 1707 2726 κεφαλὰς,
1749 2651 1938 2712 αἴτιον

325 2741 469 2797 τόδε·
532 2739 978 2814 ’σκιητροφέουσι
1019 2739 1082 2807 ἐξ
1119 2737 1297 2817 ἀρχῆς
1347 2738 1551 2802 πίλους
1588 2738 1783 2816 τιάρας
1823 2746 1935 2815 φο-

329 2829 559 2905 ρέοντες.
639 2830 815 2886 ταῦτα
841 2851 945 2902 μεν
970 2851 1068 2885 νυν
1098 2831 1331 2887 τοιαῦτα
1357 2825 1518 2887 ἐόντα
1545 2828 1681 2886 ἴδον·
1721 2828 1842 2888 ἴδον
1868 2829 1939 2888 δὲ

329 2917 421 2973 καὶ
471 2914 625 2973 ἄλλα
679 2913 848 2991 ὁμοῖα
892 2913 1147 2974 τούτοισι
1199 2919 1259 2974 ἐν
1312 2914 1606 2992 Παπρήμι,
1652 2918 1763 2976 τῶν
1808 2914 1939 2992 ἅμα

325 3001 641 3081 'Axatpme've‘i
690 3004 769 3079 τῷ
821 3000 1061 3078 Δαρείου
1116 3001 1531 3079 διαφθαρέντων
1575 3002 1687 3063 find
1731 3002 1939 3081 Ἰνάρω

325 3097 421 3149 ‘ruffi
448 3090 683 3164 Λίβυος.

237 3181 305 3233 13
409 3179 480 3233 Of.
533 3175 593 3233 δὲ
644 3174 943 3254 Αἰγύπτιοι
1002 3179 1064 3233 ἐκ
1114 3177 1216 3249 τῆς
1266 3174 1472 3254 μάχης,
1534 3176 1606 3240 ὥς
1663 3178 1936 3255 ἐτράπον-

329 3289 413 3329 το,
463 3261 700 3337 ἔφευγον
753 3260 932 3319 οὐδενὶ
983 3260 1201 3337 κόσμῳ.
1284 3263 1719 3338 κατειληθέντων
1766 3265 1827 3324 δὲ
1871 3271 1940 3331 ἐς
