2184 3517
289 111 384 159 346
899 108 1266 158 ‘HPOAOTOT
1765 106 1902 171 [tv.

285 187 497 264 οὕνομα
534 186 608 265 ἦν
651 186 949 264 Δημώναξ.
1032 185 1195 248 οὗτος
1241 184 1317 247 ὧν
1363 184 1510 262 ὦνὴρ
1557 182 1901 261 ἀπικόμενος

287 279 344 338 ἐς
404 275 509 350 τήν
561 274 825 352 Κυρήνην
887 276 980 334 καὶ
1034 272 1232 351 μαθῶν
1284 275 1514 344 ἕκαστα,
1565 276 1740 333 τοῦτο
1791 274 1902 348 μὲν

285 363 594 441 τριφύλους
639 363 873 440 ἐποίησέ
916 369 1118 439 σφεας,
1167 362 1302 441 τῇδε
1351 363 1594 428 διαθείς·
1636 355 1901 437 Θηραίων

289 454 394 528 μὲν
433 451 544 534 γάρ
593 453 686 510 καὶ
725 457 837 513 τῶν
878 451 1171 528 περιοίκων
1213 451 1350 527 μίαν
1392 455 1599 528 μοῖραν
1643 453 1901 526 ἐποίησε,

293 539 479 616 ἄλλην
527 541 588 599 δὲ
629 540 1108 616 Πελοποννησίων
1155 539 1247 597 καὶ
1298 543 1552 615 Κρητῶν,
1594 538 1791 615 τρίτην
1843 539 1908 598 δὲ

292 627 604 703 νησιωτέων
648 626 887 688 πάντων·
947 631 1116 688 τοῦτο
1170 627 1230 686 δὲ
1280 629 1358 705 τῷ
1409 627 1657 703 βασιλέϊ
1704 626 1912 706 Βάττῳ

291 714 521 792 τεμένεα
564 714 768 784 ε’ξελών
812 716 906 774 καὶ
953 715 1241 792 ἱρωσύνας,
1286 712 1359 774 τοὶ
1405 712 1561 772 ἄλλα
1604 712 1792 773 πάντα
1833 714 1911 775 τά

295 801 567 880 πρότερον
621 802 775 881 εἶχον
834 806 889 863 οἱ
938 802 1215 880 βασιλέες
1268 807 1324 866 ἐς
1372 803 1554 880 μέσον
1610 806 1689 881 τῷ
1750 801 1914 882 δήμῳ

298 891 471 966 ἔθηκε.

210 979 322 1038 162
420 977 553 1038 Ἐπὶ
591 980 696 1055 μὲν
734 979 803 1055 δὴ
842 977 1042 1039 τούτου
1080 983 1184 1039 τοῦ
1224 977 1448 1039 Βάττεω
1489 977 1631 1038 οὕτω
1666 978 1917 1038 διετέλεε

304 1066 481 1142 ε’όντα,
511 1068 600 1127 ε’πὶ
638 1068 698 1127 δὲ
727 1070 829 1128 τοῦ
863 1067 1062 1127 τούτου
1098 1067 1297 1131 παιδὸς
1323 1066 1669 1144 Ἀρκεσίλεω
1708 1066 1916 1142 πολλή

304 1155 522 1233 ταραχὴ
553 1155 681 1232 περὶ
711 1159 822 1215 τῶν
854 1156 1057 1230 τιμέων
1091 1156 1330 1237 ἐγένετο.
1389 1154 1773 1231 ,Ἀρκεσίλεως
1796 1154 1917 1233 γὰρ

307 1242 338 1302 ὁ
389 1243 607 1303 Βάττου
655 1269 717 1303 τε
767 1246 868 1302 τοῦ
913 1245 1104 1321 χωλοῦ
1151 1243 1246 1302 καὶ
1289 1243 1593 1319 Φερετίμης
1620 1307 1630 1315 ,
1645 1240 1752 1300 οὔκ
1798 1243 1919 1318 ἔφη

311 1329 606 1399 ἀνέξεσθαι
657 1330 799 1390 κατὰ
842 1329 915 1390 τὰ
961 1329 994 1390 ὅ
1047 1329 1358 1394 Μαντινεῦς
1404 1329 1687 1405 Δημῶναξ
1734 1330 1916 1402 ἔταξε,

306 1416 460 1477 οἶλλσῖ
501 1417 730 1477 άπαίτεε
775 1417 848 1478 τοὶ
891 1421 1002 1477 τῶν
1045 1417 1336 1498 προγόνων
1385 1418 1572 1497 γέρεα.
1658 1418 1920 1477 ἐνθεῦτεν

306 1503 625 1614 στασιάζων
681 1505 926 1581 εσσωθη,
981 1506 1072 1563 καὶ
1134 1506 1308 1585 ἔφυγε
1360 1510 1417 1569 ἐς
1470 1505 1687 1581 Σάμον·
1759 1503 1797 1580 ἦ
1855 1504 1920 1564 δὲ

305 1591 490 1668 μήτηρ
534 1618 587 1650 οι
630 1597 685 1655 ἐς
731 1594 1027 1670 Σαλαμῖνα
1071 1596 1173 1668 τῆς
1217 1592 1455 1673 Κύπρου
1502 1592 1697 1672 ἔφυγε.
1759 1530 1920 1671 η(τῆς

308 1679 366 1738 δὲ
409 1681 727 1757 Σαλαμῖνος
765 1684 964 1740 τοῦτον
1005 1679 1105 1740 τὸν
1145 1679 1353 1759 χρόνον
1396 1679 1690 1756 ἐπεκράτεε
1733 1680 1919 1740 Ευέλ-

312 1767 490 1837 θων,
458 1794 519 1830 ος
542 1768 609 1829 τὸ
638 1773 694 1827 ἐν
723 1771 1013 1843 Δελφοῖσι
1041 1767 1477 1845 θυμιητήριον,’
1451 1768 1543 1828 cdv
1560 1766 1918 1844 οἶξιοθέητὸν,

311 1855 558 1931 ἀνέθηκε,
584 1855 650 1914 τό
692 1860 751 1914 ἐν
788 1859 865 1934 τῷ
897 1856 1210 1933 Κορινθίων
1241 1857 1502 1935 θησαυρῶ
1539 1857 1742 1916 κέεται·
1786 1856 1920 1916 άπι-

312 1943 515 2018 κομένη
543 1943 601 2001 δὲ
631 1941 784 2018 παροὶ
814 1947 1014 2004 τοῦτον
1043 1943 1080 2019 ἦ
1117 1944 1393 2021 Φερετίμη
1431 1944 1608 2004 ε’δέετο
1642 1949 1920 2021 στρατιῆς

313 2028 352 2106 ἢ
379 2027 602 2098 κατάξει
636 2031 821 2105 σφέας
863 2035 917 2094 ἐς
946 2056 1050 2106 την
1084 2031 1365 2108 Κυρήνην·
1408 2030 1441 2091 6
1469 2031 1531 2090 δέ
1553 2058 1620 2112 γε
1645 2031 1918 2094 Εὐέλθων

310 2122 425 2179 πᾶν
449 2121 674 2195 μᾶλλον
697 2116 734 2194 ἢ
761 2118 1033 2195 στρατιήν
1058 2122 1113 2178 οἱ
1141 2119 1339 2178 ἐδίδου·
1380 2119 1418 2194 ἦ
1444 2119 1503 2178 δὲ
1527 2119 1919 2195 λαμβάνουσα

312 2207 377 2268 τὸ
419 2206 720 2283 διδόμενον,
749 2204 928 2267 καλὸν
965 2208 1089 2282 μὲν
1111 2207 1221 2318 ἔφη
1262 2208 1355 2265 καὶ
1388 2210 1557 2267 τοῦτο
1591 2207 1750 2276 εἶναι,
1780 2208 1915 2266 κάλ-

314 2299 440 2356 λιον
480 2295 539 2355 δὲ
579 2298 753 2355 ε’κεῖνο
791 2292 856 2353 τό
891 2294 1079 2354 δοῦναί
1113 2321 1167 2354 οι
1200 2294 1432 2372 δεομένῃ
1458 2293 1751 2371 στρατιήν·
1792 2300 1920 2355 τοῦ·

312 2410 379 2443 το
426 2385 518 2442 ἐπὶ
564 2383 730 2444 παντὶ
775 2382 885 2463 γοὶρ
926 2408 1004 2460 τῳ
1050 2381 1315 2460 διδομένῳ
1371 2383 1547 2459 ἔλεγε,
1593 2382 1921 2443 τελευταῖόν

314 2475 368 2530 οἱ
417 2471 689 2550 ἐξέπεμψε
737 2471 912 2547 δῶρον
958 2469 991 2528 6
1035 2440 1304 2529 Εὐέλθων
1346 2469 1620 2545 ἄτρακτον
1671 2469 1923 2576 χρύσεον

314 2559 407 2618 καὶ
452 2558 754 2636 ἠλακάτην,
798 2560 1024 2635 προσῆν
1070 2557 1130 2616 δὲ
1183 2557 1276 2616 καὶ
1330 2557 1518 2634 εἴριον·
1578 2556 1815 2632 εἰπάσης
1861 2557 1922 2616 δὲ

314 2646 468 2710 αὖτις
506 2651 608 2720 τῆς
648 2647 950 2723 Φερετίμης
994 2643 1170 2706 τῶυτὸ
1214 2645 1359 2718 ἔπος,
1404 2643 1435 2704 6
1488 2643 1756 2704 Εὐέλθων
1807 2645 1921 2720 ἔφη

311 2731 619 2793 τοιούτοισι
669 2737 932 2814 γυναῖκας
976 2733 1296 2809 δωρέεσθαι,
1341 2731 1474 2792 ἀλλ’
1519 2730 1585 2791 οὐ
1632 2732 1921 2810 στρατιῇ.)

222 2823 336 2879 163
352 2820 422 2878 Ὀ
482 2819 542 2878 δὲ
599 2819 969 2896 Ἀρκεσίλεως
1019 2824 1221 2880 τοῦτον
1276 2818 1377 2881 τὸν
1433 2818 1640 2898 χρόνον
1699 2819 1803 2879 ε’ὣν
1864 2825 1928 2879 ἐν

318 2907 506 2983 Σάμῳ,
545 2906 838 2986 συνήγειρε
871 2906 1053 2965 πάντα
1096 2906 1269 2984 ἄνδρα
1312 2907 1404 2966 ἐπὶ
1445 2911 1554 2988 γῆς
1594 2906 1923 2985 ἀναδασμῷ.

316 2992 737 3069 συλλεγομένου
777 2992 837 3049 δὲ
875 2997 1123 3067 στρατοῦ
1163 2998 1405 3063 πολλοῦ,
1436 2994 1654 3070 ἐστάλη
1692 2998 1746 3057 ἔς
1776 2999 1925 3053 Δελ-

319 3075 464 3146 φους
510 3075 877 3151 Ἀρκεσίλεως
918 3078 1270 3155 χρησόμενος
1309 3087 1387 3159 τῷ
1421 3083 1749 3160 χρηστηρίῳ
1793 3081 1929 3159 περὶ

320 3159 574 3218 κατόδου·
613 3161 651 3236 ἦ
693 3163 751 3221 δὲ
792 3164 980 3238 Πυθίη
1021 3168 1076 3223 οἱ
1114 3171 1230 3244 χρᾷ
1267 3169 1418 3227 τάδε·
1460 3169 1607 3227 “ε’πὶ
1646 3171 1752 3245 μὲν
1793 3169 1927 3229 τέσ-

317 3246 489 3319 σερας
539 3247 786 3310 Βάττους
836 3249 930 3305 καὶ
978 3247 1352 3325 Ἀρκεσίλεως
1408 3256 1705 3333 τέσσερας,
1772 3254 1927 3318 ὄκτω
