2184 3517
262 124 550 191 133—137]
957 126 1181 176 ΚΛΕῙΩ.
1805 128 1866 175 69

258 232 360 284 ρος
403 205 592 287 όλίγω,
634 231 737 269 τας
767 231 999 284 παρειας
1029 207 1344 282 φιλέονται·
1384 204 1455 282 ἢν
1495 205 1556 266 δὲ
1593 204 1868 284 πολλῶ’
1828 232 1868 283 ῃ

263 292 488 370 οὕτερος
533 293 944 371 ἀγεννέστερος,
984 294 1358 370 προσπίπτων
1398 294 1729 370 προσκυνέει
1769 291 1871 352 τὸν

266 381 474 458 ἔτερον.
540 384 751 458 τιμῶσι
781 381 840 440 δὲ
876 386 936 440 ε’κ
967 380 1188 442 πάντων
1211 407 1342 444 τους
1378 380 1627 463 ἄγχιστα
1659 383 1868 441 ἑωυτῶν

268 469 565 540 οἰκέοντας,
580 468 724 545 μετά
745 494 814 549 γε
834 467 1079 532 ἑωυτούς·
1110 468 1336 547 δεύτερα
1350 469 1411 528 δὲ
1422 468 1552 532 τούς
1566 468 1868 546 δευτέρους·

266 556 423 633 μετὰ
437 556 514 628 δὲ,
541 555 684 617 κατὰ
708 555 884 636 λόγον
907 557 1311 634 προβαίνοντες
1332 561 1555 633 τιμῶσι,
1580 555 1787 632 ἥκιστα
1811 557 1872 616 δὲ

261 642 397 707 τούς
435 647 647 705 ἑωυτῶν
682 642 970 704 ἑκαστάτω
1009 644 1333 719 οἰκημένους
1365 648 1423 703 ἐν
1447 648 1583 722 τιμῇ
1620 642 1869 724 ἄγονται·

263 732 582 808 νομίζοντες
613 730 844 794 ἑωυτοῦς
876 731 1014 792 εἶναι
1046 730 1350 808 ἀνθρώπων
1374 735 1568 810 μακρῷ
1591 731 1663 792 τὰ
1686 730 1872 791 πάντα

264 818 548 896 οἷρίστους,
579 818 710 883 τούς
740 819 800 879 δὲ
829 817 1043 882 ἄλλους
1075 819 1218 878 κατ-οὶ
1242 818 1418 900 λόγον
1440 818 1541 880 τόν
1563 819 1872 900 λεγόμενον

263 910 370 982 τῆς
409 905 607 984 ἆρετῆς
648 905 1001 985 ἀντέχεσθαι,
1026 906 1158 969 τούς
1189 906 1249 965 δὲ
1283 906 1568 967 ἑκαστάτω
1594 907 1872 970 οἰκέοντας

265 991 383 1055 α’πό
424 998 635 1055 ἑωυτῶν
671 995 985 1057 κακίστους
1000 992 1160 1054 εἶναι.
1229 993 1321 1053 ε’πὶ
1346 994 1407 1053 δὲ
1441 994 1650 1070 Μήδων
1674 993 1871 1072 ἀρχόν·

266 1107 378 1142 των
416 1082 510 1142 καὶ
548 1081 690 1161 ἦρχε
723 1081 797 1142 τὰ
830 1082 990 1142 ἔθνεα
1030 1080 1320 1156 ἀλλήλων·
1376 1081 1740 1163 συναπάντων
1769 1084 1875 1157 μὲν

266 1171 462 1246 Μῆδοι
507 1170 601 1230 καὶ
638 1173 751 1230 τῶν
791 1167 1042 1250 ἄγχιστα
1081 1169 1369 1230 οἰκέοντων
1400 1169 1592 1244 σφίσι,
1627 1165 1780 1228 οὗτοι
1816 1169 1876 1228 δὲ

268 1259 363 1317 καὶ
386 1262 500 1320 τῶν
522 1256 791 1335 ὁμούρων,
813 1260 867 1317 οἱ
894 1257 955 1316 δὲ
978 1256 1237 1333 μάλιστα
1253 1260 1364 1317 τῶν
1385 1256 1679 1335 ἐχομένων.
1734 1255 1877 1316 κατὰ

264 1344 367 1406 vav
393 1344 563 1406 αὗτόν
589 1346 649 1405 δὲ
673 1343 852 1426 λόγον
875 1345 969 1404 καὶ
993 1347 1049 1404 οἱ
1074 1344 1302 1421 Πέρσαι
1319 1349 1544 1422 τιμῶσι·
1570 1344 1875 1421 προέβαινε

264 1432 379 1512 γσῖρ
406 1432 475 1509 δὴ
499 1433 566 1494 τὰ
593 1434 748 1495 ἔθνος
772 1431 950 1512 ἄρχον
965 1456 1030 1492 τε
1049 1433 1143 1491 καὶ
1168 1434 1547 1509 ἐπιτροπεῦον.
1613 1431 1837 1495 Ξεινικὰ
1855 1434 1969 1492 135

268 1520 331 1579 δὲ
368 1521 576 1597 νόμαια
608 1521 836 1598 Πέρσαι
864 1520 1195 1598 προσίενται
1227 1517 1441 1596 ἀνδρῶν
1466 1519 1742 1597 μάλιστα·
1784 1520 1877 1578 καὶ

267 1607 381 1688 γοῖρ
415 1609 486 1684 δὴ
519 1607 625 1684 τὴν
660 1606 921 1684 Μηδικήν
948 1607 1164 1684 ε’σθῆτα
1189 1607 1517 1684 νομίσαντες
1540 1611 1640 1683 τῆς
1667 1610 1877 1667 ἑωυτῶν

271 1695 413 1757 εἶναι
454 1696 670 1756 καλλίω
710 1695 1002 1773 φορέουσι,
1041 1695 1135 1754 καὶ
1175 1699 1231 1758 ε’ς
1267 1693 1397 1759 τούς
1434 1695 1717 1772 πολέμους
1747 1693 1879 1757 τούς

269 1784 612 1865 Αἰγυπτίους
637 1782 902 1860 θώρηκας.

354 1872 476 1931 Καὶ
497 1871 787 1934 εὐπαθείας
809 1896 873 1931 τε
896 1869 1255 1933 παντοδαπὰς
1271 1869 1677 1947 πυνθανόμενοι
1693 1876 1878 1947 ε’πιτη-

272 1958 515 2033 δεύουσι,
560 1958 653 2018 καὶ
691 1959 760 2035 δὴ
802 1960 895 2018 καὶ
935 1956 1030 2017 ἀπ’
1069 1958 1360 2034 Ἑλλήνων
1398 1958 1670 2036 μαθόντες
1710 1959 1879 2018 παισὶ
1917 2001 1928 2078 ¹
1957 1963 2002 2010 θ’

270 2047 597 2127 μίσγονται.
663 2047 942 2127 γαμέουσι
976 2045 1023 2105 δ’
1051 2047 1287 2109 ἕκαστος
1319 2045 1498 2107 αὐτῶν
1528 2045 1752 2110 πολλοῖς
1776 2049 1881 2123 μὲν

274 2134 556 2211 κουριδίας
586 2139 864 2213 γυναῖκας,
902 2138 1103 2212 πολλῷ
1128 2132 1174 2193 δ’
1203 2135 1281 2193 ἔτι
1308 2137 1549 2197 πλεῦνας
1582 2133 1881 2196 παλλακοῖς

275 2227 532 2283 κτῶνται.
596 2221 972 2303 Ἀνδραγαθίη
1015 2221 1060 2281 δ’
1100 2221 1240 2297 αὕτη
1284 2220 1658 2291 ἀποδέδεκται,
1699 2221 1841 2296 μετὰ
1861 2221 1975 2280 136

271 2309 344 2369 τό
380 2309 672 2390 μάχεσθαι
706 2309 847 2369 εἶναι
885 2308 1117 2390 άγαθόν,
1151 2308 1213 2371 ὃς
1244 2307 1312 2369 ἂν
1344 2307 1597 2371 πολλοὺς
1636 2308 1880 2386 ἀποδέξῃ

273 2397 499 2461 παῖδας·
554 2402 633 2476 τῷ
675 2397 735 2457 δὲ
778 2396 908 2460 τούς
958 2397 1264 2458 πλείστους
1314 2393 1693 2455 ἀποδεικνύντι
1733 2395 1883 2471 δῶρα

276 2485 551 2562 ε’κπέμπει
589 2484 622 2546 o‘
656 2484 936 2561 βασιλεῦς
975 2482 1083 2544 οἶνοὶ
1119 2487 1233 2543 πᾶν
1278 2484 1415 2545 ἔτος·
1466 2481 1533 2543 τὰ
1573 2480 1797 2543 πολλὰν
1836 2481 1883 2541 δ’

273 2572 516 2653 ἡγέαται
561 2571 794 2683 ἰσχυρᾶν
834 2572 990 2633 εἶναι.
1057 2570 1386 2632 παιδεύουσι
1420 2571 1480 2631 δὲ
1517 2569 1647 2635 τούς
1684 2571 1886 2634 παῖδας

274 2685 396 2719 απο
438 2661 763 2722 πενταέτεος
803 2658 1100 2736 ἀρξάμενοι
1140 2659 1311 2738 μέχρι
1356 2659 1792 2729 εἷκοσαέτεος,τ
1757 2658 1886 2736 τρία

272 2751 480 2825 μοῦνα,
508 2747 759 2807 ἱππεύειν
784 2748 877 2805 καὶ
910 2745 1154 2816 τοξεύειν
1181 2748 1274 2806 καὶ
1298 2747 1687 2823 αληθίζεσθαι.
1752 2747 1886 2823 πρὶν
1933 2807 1936 2808 ⁷

274 2834 418 2896 δὲ*
381 2862 421 2912 η
459 2836 761 2912 πενταέτης
798 2834 1041 2916 γένηται,
1068 2832 1169 2893 οὖκ
1210 2833 1526 2896 ἀπικνέεται
1557 2840 1614 2898 ἐς
1645 2834 1777 2912 οψιν
1809 2837 1888 2912 τῷ

276 2925 457 3002 πατρὶ
495 2923 653 2983 ἀλλὰ
691 2922 846 3000 παρὰ
884 2926 1021 3000 τῇσι
1057 2923 1277 3003 γυναιξὶ
1313 2923 1528 2983 δίαιταν
1553 2924 1687 3001 ἔχει·
1726 2921 1888 2980 τοῦδε

274 3012 466 3072 εἵνεκα
489 3014 658 3071 τοῦτο
685 3036 827 3070 ουτω
850 3010 1117 3080 ποιέεται,
1136 3009 1226 3069 ἵνα
1250 3007 1322 3084 ἦν
1337 3007 1591 3086 ἀποθάνῃ
1617 3006 1890 3085 τρεφόμε-

274 3126 378 3163 νος
400 3095 741 3177 μηδεμίαν”
705 3123 853 3173 ασην
875 3100 953 3174 τῶ
979 3096 1153 3173 πατρὶ
1177 3095 1514 3172 προσβάλῃ.

367 3189 547 3247 Αἷνέω
572 3187 677 3264 μέν
702 3211 799 3247 νυν
821 3156 981 3244 τόνδε
1007 3208 1106 3242 τον
1130 3179 1318 3257 νόμον·
1348 3181 1507 3240 αἰνέω
1534 3180 1593 3239 δὲ
1621 3180 1713 3239 καὶ
1731 3178 1851 3240 τόν·
1871 3179 1983 3239 137

279 3277 367 3350 δε,
392 3303 460 3338 το
484 3275 566 3355 μὴ
590 3279 725 3353 μιῆς
751 3272 928 3348 αἰτίης
956 3271 1137 3330 εινεκα
1162 3266 1304 3345 μήτε
1329 3265 1496 3327 αὐτὸν
1513 3267 1613 3328 τόν
1637 3267 1891 3344 βασιλέα
