2184 3517
263 64 296 109 6
855 62 1223 113 ·H1²0A0'1·or
1786 61 1858 127 [1.

261 162 402 201 οκως
445 136 485 215 ἤ
527 138 805 215 βασίλεια
850 139 1058 209 καλέοι,
1107 142 1332 215 φοιτᾶν·
1377 165 1450 203 ως
1494 138 1555 198 δὲ
1599 137 1634 199 ὅ
1677 136 1863 219 Γύγης

262 224 508 295 ἀπίκετο,
536 227 724 306 ἔλεγεν
763 225 801 302 ἤ
838 226 978 307 γυνὴ
1013 225 1163 285 τάδε·
1206 236 1244 262 “
1259 230 1357 286 νῦν
1390 252 1479 286 τοι
1519 225 1672 286 δυοῖν
1710 224 1863 286 ὄδοῖν

264 313 635 389 παρεουσέων,
662 312 833 393 Γύγη,
861 313 1053 390 δίδωμι
1079 314 1311 390 αἵρεσιν,
1333 312 1597 389 ὁκοτέρην
1619 312 1863 388 βούλεαι

265 400 598 476 τραπέσθαι·
639 398 677 475 ἢ
700 398 812 481 γάρ
840 398 1174 460 Κανδαύλεα
1198 398 1524 463 ἀποκτείνας
1554 400 1656 477 ἐμέ
1679 399 1864 479 τεκαὶ

264 484 370 560 τὴν
401 485 718 561 βασιληίην
757 488 849 565 ἔχε
882 485 992 562 τὴν
1021 485 1233 555 Λυδῶν,
1264 484 1302 562 ἢ
1344 485 1515 546 αὐτὸν
1555 488 1627 545 σὲ
1665 484 1865 545 αὐτίκα

267 570 410 631 οὕτω
443 571 820 648 ἀποθνήσκειν
849 572 950 632 δεῖ·
993 572 1064 637 ὥς
1099 571 1169 633 ἂν
1195 572 1294 650 μὴ,
1325 572 1508 633 πάντα
1535 572 1867 649 πειθόμενος

270 657 591 737 Κανδαύλῃ,
616 662 717 719 τοῦ
747 662 951 720 λοιποῦ
976 660 1097 737 ἴδῃς
1121 659 1194 720 τά
1226 658 1309 736 μή
1335 685 1405 720 σε
1440 659 1540 719 δεῖ.
1580 657 1713 719 ἀλλ’
1736 658 1866 735 ἤτοι

272 744 452 805 κεῖνόν
474 771 543 826 γε
570 744 671 806 τᾶν
693 749 870 806 ταῦτα
892 745 1290 822 βουλεύσαντα
1314 746 1399 806 δεῖ
1420 744 1801 815 ἀπόλλυσθαι,
1826 744 1866 821 ἦ

272 834 343 890 σὲ
379 830 483 891 τᾶν
523 833 621 909 ἐμὲ
661 832 879 913 γυμνὴν
918 832 1274 910 θηησοῖμενον
1312 834 1404 892 καὶ
1441 832 1761 909 ποιήσαντα
1797 831 1865 891 οὗ

272 916 654 995 νομιζόμενα.”
695 918 728 979 ὁ
769 919 828 978 δὲ
867 918 1051 1000 Γύγης
1086 921 1222 984 τέως
1258 922 1363 997 μὲν
1397 919 1755 995 ἀπεθῶυμαζε
1791 918 1866 978 τά

270 1004 567 1084 λεγόμενα·
606 1004 750 1082 μετά
784 1006 862 1076 δὲ,
901 1007 1104 1066 ἱκέτευε
1135 1006 1219 1084 μή
1250 1032 1349 1084 μιν
1382 1006 1656 1087 ἀναγκαίῃ
1694 1005 1867 1066 ἐνδεῖν

273 1090 544 1168 διακρῖναι
565 1091 827 1168 τοιαύτην
845 1092 1081 1170 αἵρεσιν·
1115 1092 1289 1153 οὕκων
1308 1093 1377 1170 δὴ
1398 1094 1579 1155 ἔπειθε
1600 1091 1731 1151 ἀλλ’
1751 1091 1868 1169 ὥρα

273 1178 578 1259 ἀναγκαίην
626 1177 876 1255 ἀληθέως
923 1181 1308 1257 προκειμένην,
1351 1178 1391 1256 ἦ
1438 1179 1539 1240 τόν
1588 1178 1868 1240 δεσπότεα

275 1263 657 1325 ἀπολλύναι
621 1292 659 1341 η
685 1264 914 1326 ἀύτὸν“
881 1264 974 1324 υπ’
1007 1264 1212 1327 ἄλλων
1222 1266 1604 1335 ἀπόλλυσθαι,
1627 1266 1869 1343 αἱρέεται
1925 1259 1929 1263 ’

276 1349 444 1414 αυτὸς
474 1355 759 1429 περιεῖναι·
801 1351 1068 1428 ἐπειρώτα
1098 1351 1168 1434 δὴ
1199 1353 1381 1434 λέγων
1401 1352 1553 1413 τάδε·
1594 1357 1673 1388 “’
1646 1354 1770 1412 επεί
1792 1377 1867 1430 με

276 1436 598 1518 ἀναγκάζεις
622 1436 901 1497 δεσπότεα
914 1461 1018 1499 ’τον
1041 1438 1178 1515 ἐμόν
1196 1441 1436 1511 κτείνειν,
1457 1465 1558 1499 ουκ
1582 1439 1864 1509 ἐθέλοντα,

277 1525 417 1600 φέρε
452 1522 676 1584 ἀκούσω
704 1524 810 1603 τέῳ
846 1524 938 1583 καὶ
970 1526 1160 1616 τρόπω
1190 1526 1621 1606 ἐπιχειρήσομεν
1649 1524 1826 1603 αὐτῷ·
1812 1525 1847 1595 ,’

277 1610 318 1686 ἦ
349 1611 410 1670 δὲ
433 1609 816 1687 ύπολαβοῦσα
841 1613 967 1688 ἔφη,
1000 1623 1037 1649 “
1054 1618 1115 1672 ἐκ
1146 1617 1248 1674 τοῦ
1273 1611 1443 1674 αὐτοῦ
1466 1615 1571 1690 μὲν
1593 1612 1797 1691 χωρίου
1826 1612 1867 1689 ἦ

278 1695 427 1774 ὄρμῆ
455 1698 613 1757 ἔσται
639 1697 769 1759 ὅθεν
791 1722 898 1775 περ
925 1699 1016 1757 καὶ
1049 1704 1251 1763 ἐκεῖνος
1283 1703 1381 1777 ἐμὲ
1413 1699 1704 1770 ἐπεδέξατο
1726 1725 1867 1780 γυμ-

185 1786 260 1844 12
278 1784 397 1861 νήν·
447 1782 744 1863 ὕπνωμένῳ
789 1783 850 1844 δὲ
897 1784 937 1861 ἦ
990 1787 1333 1865 ἐπιχείρησις
1377 1784 1587 1846 ἔσται.”
1664 1785 1762 1849 Ὡς
1806 1786 1868 1845 δὲ

275 1869 525 1948 ἤρτυσαν
559 1871 662 1948 τήν
702 1870 1031 1948 ἐπιβουλὴν,
1067 1872 1263 1937 νυκτὸς
1300 1873 1606 1954 γινομένης,
1631 1870 1722 1953 (οὗ
1754 1871 1869 1953 γὰρ

275 1958 496 2035 μετίετο
516 1957 548 2018 ὅ
571 1956 767 2039 Γύγης,
791 1958 918 2019 οὖδέ
942 1962 997 2018 οἳ
1019 1958 1090 2035 ἦν
1112 1958 1421 2041 ἀπαλλαγὴ
1443 1959 1684 2037 οὐδεμία,
1713 1957 1870 2018 ἀλλὰ

280 2042 452 2105 ἔδεε*
417 2072 454 2122 η
474 2044 642 2106 αύτόν
667 2044 1072 2105 ἀπολωλέναι*
1037 2073 1075 2122 η
1096 2046 1469 2126 Κανδαύλεα),
1491 2046 1677 2105 εἵπετο
1698 2050 1751 2108 ἐς
1768 2071 1868 2105 τον

281 2131 537 2208 θάλαμον
551 2135 624 2210 τῇ
637 2132 873 2213 γυναικί·
899 2133 997 2192 καί
1004 2157 1104 2210 μιν
1120 2134 1314 2210 ἐκείνη,
1331 2132 1657 2215 ἐγχειρίδιον
1673 2132 1866 2202 δοῦσα,

280 2218 644 2296 κατακρύπτει
667 2218 778 2279 υπό
802 2218 906 2295 τήν
930 2217 1104 2295 αὐτὴν
1130 2218 1321 2296 θύρην.
1388 2219 1480 2278 καὶ
1508 2218 1653 2295 μετὰ
1675 2222 1866 2289 ταῦτα,

279 2302 696 2383 ἀναπαυομένου
712 2304 1066 2376 Κανδαύλεω,
1081 2305 1345 2370 υπεισδύς
1358 2331 1420 2365 τε
1436 2306 1527 2364 καὶ
1541 2304 1869 2384 ἀποκτείνας

281 2389 464 2462 αὐτὸν,
483 2393 618 2471 ἔσχε
637 2392 729 2451 καὶ
743 2392 845 2469 τήν
857 2396 1095 2473 γυναῖκα
1109 2393 1200 2451 καὶ
1218 2392 1321 2468 τήν
1335 2392 1651 2468 βασιληίην
1664 2391 1869 2473 Γύγης·

279 2479 402 2557 (τοῦ
421 2479 514 2538 καὶ
530 2478 869 2559 Ἀρχίλοχος
894 2479 929 2540 o‘
950 2477 1180 2557 Πάριος,
1196 2480 1339 2540 κατὰ
1356 2478 1456 2540 τὸν
1476 2477 1647 2540 αύτὸν
1663 2478 1871 2558 χρόνον

191 2567 262 2623 13
277 2564 585 2643 γενόμενος,
623 2571 681 2625 ἐν
717 2565 905 2645 ἰάμβῳ
938 2567 1211 2645 τριμέτρῳ
1246 2564 1614 2646 ἐπεμνήσθη.)
1683 2564 1871 2644 Ἔσχε

284 2655 340 2711 32-
365 2651 433 2727 τῇ
441 2679 465 2711 1:
493 2654 804 2729 βασιληίην
830 2654 922 2713 καὶ
948 2652 1250 2730 ἐκρατύνθη
1277 2658 1338 2713 ἐκ
1367 2656 1469 2714 τοῦ
1496 2656 1554 2713 ἐν
1582 2654 1871 2728 Δελφοῖσι

280 2743 641 2815 χρηστηρίου·
686 2739 758 2803 ὥς
781 2739 892 2821 γὰρ
920 2740 989 2815 δὴ
1015 2742 1069 2799 οἱ
1095 2739 1270 2800 Λυδοὶ
1293 2737 1472 2800 δεινὸν
1499 2742 1780 2799 ἐποιεῦντο
1804 2738 1872 2819 τᾶ

284 2827 621 2887 Ῑίαινὲαὖῆεω
653 2827 829 2890 πάθος
864 2827 957 2886 καὶ
990 2832 1048 2887 ἐν
1079 2826 1313 2888 ὅπλοισι
1342 2826 1509 2904 ἦσαν,
1542 2826 1875 2902 συνέβησαν

284 2919 336 2975 ἐς
369 2915 541 2971 τεὴ-τὲ
581 2915 637 2975 οἵ
664 2940 728 2974 τε
756 2917 858 2975 τοῦ
895 2912 1083 2994 Γύγεω
1118 2918 1432 2974 στασιῶται
1466 2915 1558 2974 καὶ
1591 2916 1646 2974 οἱ
1683 2913 1877 2973 λοιποὶ

284 3003 469 3067 ska-3:11,
501 2999 565 3075 ἣν
601 3003 704 3079 μὲν
728 3001 797 3076 δή
828 3000 895 3061 τὸ
925 3000 1272 3079 χρηστήριον
1298 3000 1471 3080 ἀνέλῃ
1500 3027 1599 3078 μιν
1622 3000 1879 3076 βασιλέα

284 3087 421 3147 εἶναι
449 3091 655 3155 ἡυεὶιῧν,
679 3087 781 3149 τᾶν
805 3086 865 3145 δὲ
888 3086 1235 3162 βασιλεύειν·
1266 3086 1337 3163 ἢν
1363 3088 1425 3147 δὲ
1446 3088 1545 3166 μή,
1574 3086 1893 3148 ἀποδοῦναι’

280 3175 465 3235 ὀπίσω
501 3183 553 3239 ἐς
585 3174 953 3252 Ἡρακλείδας
990 3172 1098 3250 τὴν
1131 3173 1332 3251 ἀρχήν·
1374 3173 1566 3235 ἀνεῖλέ
1599 3198 1665 3234 τε
1699 3172 1769 3245 δὴ
1809 3171 1879 3235 vd
