2184 3517
326 120 421 170 182
929 120 1298 170 'HPOAO'I'O'I'
1824 115 1929 179 [Π.

319 198 382 259 δὲ
431 197 573 276 πρὸς
625 198 788 260 νότον
840 198 1216 277 τετραμμέναι
1265 197 1545 276 συνεχέες·
1626 198 1818 275 τοῖχος
1869 196 1936 256 δὲ

321 285 519 355 ἔξωθεν
545 285 578 345 ὁ
604 281 769 349 αὐτός
797 293 980 363 σφεας
1003 285 1303 365 περιέργει.
1373 282 1651 360 οἰκήματα
1677 283 1724 343 δ’
1746 284 1933 345 ἔνεστι

322 373 513 445 διπλᾶ,
538 374 611 435 τοὶ
647 376 751 450 μὲν
786 372 1032 453 ὖπόγαια
1065 373 1139 432 τά
1166 372 1226 432 δὲ
1261 372 1511 450 μετέωρα
1537 370 1622 430 ἐπ’
1651 371 1932 442 ἐκείνοισι,

320 463 616 572 τρισχίλια
640 460 897 539 α’ριθμὸν,
926 460 1307 521 πεντακοσίων
1334 460 1427 519 καὶ
1451 459 1653 539 χιλίων
1679 457 1933 537 ἑκάτερα.

321 573 394 608 τα
418 550 521 626 μέν
547 575 643 610 νυν
667 549 917 626 μετέωρα
940 552 1051 608 τῶν
1078 546 1392 625 οἰκημάτων
1418 545 1584 607 αύτοί
1608 572 1672 607 τε
1697 545 1936 624 ὁρέομεν

322 634 611 705 διεξιόντες
660 636 753 696 καὶ
806 635 965 696 αὐτοὶ
1011 634 1352 713 θεησάμενοι
1402 636 1664 714 λέγομεν·
1744 633 1822 695 τὰ
1872 634 1937 695 δὲ
1982 679 1988 683 »

323 721 504 783 αὐτῶν
541 722 787 806 ὑπόγαια
826 722 1058 805 λόγοισι
1097 717 1536 800 ἐπυνθανόμεθα·
1578 725 1634 783 οἱ
1662 747 1775 803 γαρ
1811 726 1935 782 ἐπε-

324 814 561 875 στεῶτες
611 816 722 872 τῶν
772 812 1090 892 Αἰγυπτίων
1152 810 1426 871 δεικνύναι
1484 808 1628 870 αὐτοὶ
1681 807 1937 887 οὐδαμῶς

323 894 546 972 ἤθελον,
591 898 833 976 φάμενοι
873 899 1047 974 θήκας
1078 897 1283 969 Δαὐτόθι
1324 896 1463 958 εἶναι
1500 900 1612 958 τῶν
1649 921 1713 958 τε
1752 895 1937 975 ἀρχὴν

326 984 429 1045 τὸν
468 986 813 1064 λαβύρινθον
847 983 1047 1048 τοῦτον
1088 986 1615 1063 οἰκοδομησαμένων
1639 986 1937 1062 βασιλέων

327 1074 421 1132 καὶ
444 1099 556 1135 των
589 1077 719 1153 ιρῶν
756 1073 1142 1152 κροκοδείλων·
1186 1072 1327 1133 οὕτω
1355 1098 1467 1133 των
1501 1074 1605 1150 μὲν
1631 1071 1782 1132 κάτω
1806 1072 1937 1151 πέρι

330 1161 641 1238 οἰκημάτων
667 1161 810 1240 ακοῇ
835 1159 1269 1239 παραλαβόντες
1303 1160 1565 1241 λέγομεν·
1604 1158 1679 1220 τοὶ
1715 1158 1843 1219 δὲ’
1805 1186 1935 1231 ανω,

326 1250 532 1325 μέζονα
560 1249 978 1327 ἀνθρωπηίων*
949 1274 1124 1331 εργων
1149 1246 1310 1309 αὐτοι
1344 1246 1595 1325 ορέομεν·
1638 1248 1704 1307 αἶ
1731 1273 1798 1308 τε
1822 1274 1937 1329 γαρ

329 1336 507 1406 ἔξοδοι
533 1337 624 1396 δια
648 1363 760 1397 των
785 1339 1028 1419 στεγέων
1053 1336 1148 1396 καὶ
1176 1362 1230 1396 οι
1257 1334 1481 1415 ἑλιγμοὶ
1508 1334 1601 1395 διὰ
1633 1361 1745 1396 των
1772 1333 1937 1396 αὐλέ-

327 1449 419 1495 ων,
462 1424 643 1489 ἐόντες
681 1424 1095 1495 ποικιλώτατοι,
1128 1424 1323 1501 θῶυμα
1361 1423 1561 1500 μυρίον
1597 1424 1937 1504 παρείχοντο

327 1510 391 1580 ἐξ
419 1510 596 1586 αὐλῆς
634 1536 698 1571 τε
739 1516 795 1575 ἐς
828 1510 902 1573 τσῖ
944 1511 1223 1589 οἰκήματα
1269 1510 1553 1580 διεξιοῦσι,
1593 1511 1686 1570 καὶ
1723 1516 1787 1571 ἐκ
1825 1516 1939 1573 τῶν

329 1598 640 1675 οἰκημάτων
675 1604 732 1663 ἐς
770 1598 1082 1670 παστάδας,
1122 1604 1180 1663 ἐς
1204 1598 1412 1681 στέγας
1436 1624 1499 1658 τε
1526 1596 1709 1662 ἄλλας
1736 1603 1801 1659 ἐκ
1825 1603 1939 1661 τῶν

329 1683 771 1757 παστάδων,’καὶ
810 1692 867 1752 ἐς
907 1686 1083 1751 αὖλοῖς
1125 1686 1309 1753 ἄλλας
1348 1692 1410 1748 ἐκ
1447 1691 1560 1748 τῶν
1600 1687 1936 1764 οἰκημάτων·

330 1772 515 1851 ὀροφή
553 1775 614 1834 δὲ
646 1774 866 1836 πάντων
899 1775 1109 1836 τούτων
1142 1775 1349 1851 λιθίνη,
1379 1774 1625 1852 κατάπερ
1651 1778 1706 1835 οἱ
1729 1779 1937 1856 τοῖχοι·

331 1864 386 1921 οἰ
411 1861 471 1920 δὲ
504 1866 690 1941 τοῖχοι
713 1862 899 1924 τύπων
936 1864 1401 1944 ἐγγεγλυμμένων
1434 1864 1621 1923 πλέοι·
1691 1862 1840 1940 αὖλή
1876 1864 1939 1925 δὲ

329 1948 538 2027 ἑκάστη
589 1950 946 2027 περίστυλος,
999 1951 1167 2011 λίθου
1206 1954 1412 2010 λευκοῦ
1458 1949 1824 2027 ἁρμοσμένου
1861 1952 1939 2013 τοὶ

327 2036 606 2114 μάλιστα·
669 2042 772 2115 τῆς
806 2038 867 2098 δὲ
898 2039 1101 2121 γωνίης
1134 2041 1501 2103 τελευτῶντος
1533 2042 1635 2099 τοῦ
1664 2041 1939 2117 λαβυρίν-

335 2125 437 2186 θου
473 2127 659 2206 ἔχεται
688 2125 1579 2208 πυραμὶςτεσσερακοντόργυιος,
1610 2132 1668 2188 ἐν
1707 2131 1792 2206 τῇ
1822 2129 1939 2200 ζῶα

328 2213 554 2295 μεγάλα
601 2216 998 2298 ἐγγέγλυπται·
1064 2213 1193 2279 ὄδός
1238 2214 1286 2275 δ’
1332 2219 1389 2279 ἐς
1433 2213 1609 2290 αὐτὴν
1659 2212 1773 2276 ’ὖπό
1824 2219 1939 2297 γῆν

329 2304 648 2381 πεποίηται.

239 2393 350 2451 149
408 2397 521 2452 Τοῦ
548 2393 609 2453 δὲ
633 2393 982 2470 λαβυρίνθου
1008 2390 1209 2453 τούτου
1236 2389 1422 2455 ἐόντος
1439 2389 1712 2461 τοιούτου,
1741 2392 1938 2468 θῶυμα

331 2479 411 2539 ἔτι
454 2482 624 2557 μέζον
669 2482 974 2560 παρέχεται
1019 2482 1058 2557 ἦ
1104 2481 1344 2558 Μοίριος
1387 2480 1700 2556 καλεομένη
1741 2478 1936 2555 λίμνη,

329 2566 459 2643 παρ’
499 2567 568 2643 ἢν
607 2567 640 2628 ό
679 2568 1026 2646 λαβύρινθος
1067 2565 1230 2632 οὗτος
1271 2566 1646 2644 οἰκοδόμηται.
1726 2570 1832 2642 τῆς
1867 2567 1937 2627 τὸ

329 2654 661 2731 περίμετρον
695 2658 798 2729 τῆς
835 2656 1097 2732 περιόδου
1138 2655 1251 2716 εἰσὶ
1287 2654 1508 2715 στάδιοι
1533 2653 1817 2724 ἑξακόσιοι
1842 2656 1939 2714 καὶ

329 2741 655 2819 τρισχίλιοι,
687 2742 928 2821 σχοίνων
954 2741 1223 2818 ἑξήκοντα
1261 2744 1474 2813 ἐόντων,
1501 2743 1620 2802 ἴσοι
1645 2742 1742 2801 καὶ
1766 2740 1938 2818 αὐτῆς

331 2827 619 2909 Αἰγύπτου
656 2828 723 2889 τὸ
763 2829 916 2906 παροὶ
958 2829 1283 2900 θάλασσαν.
1366 2831 1548 2890 κέεται
1583 2830 1645 2891 δὲ
1676 2828 1867 2907 μακρή
1897 2830 1937 2906 ἦ

330 2916 503 2992 λίμνη
536 2914 677 2993 πρός
711 2919 925 2994 βορέην
962 2943 1026 2978 τε
1063 2918 1157 2976 καὶ
1194 2918 1374 2988 νότον,
1418 2921 1595 2978 ἐοῦσα
1627 2916 1829 2995 βάθος,
1863 2921 1937 2997 τῇ

329 3003 622 3078 βαθυτάτη
665 3003 804 3078 αὐτή
855 3008 1071 3079 ἑωυτῆς,
1109 3004 1658 3085 πεντηκοντόργυιος.
1740 3003 1832 3065 ὅτι
1878 3005 1940 3064 δὲ

335 3090 722 3165 χειροποίητός
763 3095 887 3149 ἐστι
929 3092 1021 3150 καὶ
1061 3090 1265 3168 ὄρυκτή
1308 3091 1449 3167 αὐτῆ
1489 3092 1672 3168 δηλοῖ·
1726 3095 1788 3152 ἐν
1825 3091 1939 3173 γὰρ

330 3174 483 3251 μέσῃ
522 3179 594 3253 τῇ
633 3176 804 3253 λίμνῃ
843 3176 1103 3252 μάλιστά
1142 3203 1213 3253 κη
1241 3182 1443 3237 ἑστᾶσι
1474 3177 1574 3237 δύο
1613 3179 1940 3255 πυραμίδες,

328 3259 432 3317 τοῦ
455 3258 654 3323 ὕδατος
676 3260 1052 3341 ὑπερέχουσαι
1071 3261 1414 3338 πεντήκοντα
1432 3262 1659 3345 ὀργυιᾶς
1686 3264 1942 3343 ἑκατέρη,
