2184 3517
311 114 373 162 ιο
906 107 1273 158 mmmmm·
1325 155 1326 158 ,
1822 89 1904 175 [Ῑζ

308 189 436 252 ἷδῶν
458 216 522 252 τε
548 192 728 252 ἐκεῖνα
752 188 787 250 ὅ
821 188 995 266 κήρυξ
1026 187 1120 247 καὶ
1145 188 1303 252 εἶπας
1324 186 1466 264 πρὸς
1490 185 1913 264 Θρασύβουλον

305 278 409 344 vote
432 277 661 342 ἐντολὰς
678 303 779 339 του
751 276 985 337 ’Λυδοῦ
1013 275 1285 352 α’π-ἣλθε’
1258 301 1314 347 ες
1336 300 1437 337 τας
1462 274 1682 351 Σάρδις,
1705 301 1777 338 ως
1802 273 1914 357 ἐγω

300 365 671 444 πυνθάνομαι,
721 364 787 424 δι’
837 363 994 424 οὐδὲν
1046 362 1199 423 ἄλλο
1252 364 1466 445 ἐγένετο
1518 362 1557 439 ἦ
1593 361 1914 443 διαλλαγή·

307 455 547 525 ἐλπίζων
569 453 681 535 γὰρ
707 452 740 513 ὅ
764 451 1080 528 Ἀλυάττης
1105 450 1394 528 σιτοδηιην
1417 476 1481 510 τε
1508 450 1649 510 εἶναι
1675 450 1915 529 ι’,σχυρήν

308 545 368 602 ἐν
390 545 462 620 τῇ
489 540 731 620 Μιλήτω
759 540 852 601 καὶ
875 539 977 601 τόν
1003 538 1147 599 λεων
1170 538 1525 616 τετρύσθαι’
1499 563 1555 601 ες
1578 535 1645 597 τὰ
1672 539 1916 617 ἔσχατον

309 633 496 699 κακοῦ,
506 627 676 706 ἤκουε
690 633 791 690 τοῦ
810 627 1045 705 κήρυκος
1060 626 1446 703 νοστήσαντος
1462 631 1523 685 ἐκ
1536 629 1639 703 τῆς
1651 625 1915 702 Μιλήτου

306 741 454 780 τους
463 716 738 781 ἐναντίους
762 714 969 797 λόγους
986 713 1088 791 ἢ“
1045 740 1118 779 ως
1142 713 1310 779 αὖτὸς
1335 712 1640 774 κατεδόκεε·
1672 738 1816 789 μετα
1796 713 1912 785 δὲ,

305 802 348 881 ἥ
371 829 435 865 τε
460 802 742 885 διαλλαγή
761 808 922 881 σφι’
896 803 1113 884 εγένετο
1134 801 1218 863 ἐπ’
1237 800 1282 881 ᾧ
1296 827 1360 863 τε
1381 801 1587 872 ξείνους
1602 799 1916 876 ἀλλήλοισι

308 891 450 952 εἶναι
483 892 576 951 καὶ
608 891 945 971 ξυμμάχους,
990 890 1082 949 καὶ
1115 889 1215 950 δύο
1247 915 1312 950 τε
1346 888 1471 950 ἀντὶ
1504 888 1623 952 {vas-
1654 914 1819 965 νηους
1841 893 1915 968 τῇ

308 975 580 1058 Ἀθηναίῃ
621 977 946 1058 ᾠκοδόμησε
985 976 1019 1038 ὁ
1057 976 1371 1055 Ἀλυάττης
1413 982 1474 1037 ἐν
1510 979 1584 1056 τῇ
1620 975 1913 1055 Ἀσσησῷ,

308 1064 476 1130 αὐτός
498 1091 563 1128 τε
593 1071 655 1126 ἐκ
684 1071 787 1143 τῆς
816 1065 1023 1127 νούσου
1049 1064 1277 1142 ἀνέστη.
1360 1064 1502 1125 κατὰ
1523 1066 1630 1142 μὲν
1651 1064 1751 1124 τὸν
1772 1064 1915 1141 πρός
1979 1111 1992 1119 ,

309 1155 631 1231 Μιλησίους
667 1179 732 1215 τε
771 1154 864 1215 καὶ
902 1160 1024 1232 Θρο.
1083 1153 1100 1174 ’
1148 1158 1317 1214 ουλον
1346 1152 1600 1231 πόλεμον
1632 1151 1915 1233 Ἀλυάττῃ

310 1238 416 1302 ὦδε
441 1244 471 1303 ἔ
552 1269 596 1303 ε.
1391 1259 1394 1262 ’

216 1330 294 1390 23
392 1269 733 1408 Πεῖςανδρος
757 1329 816 1389 δὲ
847 1328 918 1405 ἦν
944 1329 1217 1408 Κυψέλου
1239 1330 1388 1399 παῖς,
1415 1325 1574 1392 οὗτος
1600 1326 1633 1389 ὅ
1662 1332 1740 1408 τῷ
1763 1335 1913 1406 Θρα-

308 1417 579 1496 συβούλω
618 1415 686 1478 τὰ
726 1415 1072 1495 χρηστήριον
1109 1415 1382 1494 μηνύσας.
1429 1413 1744 1494 ἐτυράννευε
1781 1416 1842 1476 δὲ
1879 1415 1913 1477 6

309 1504 652 1583 Περίανδρος
711 1504 1010 1581 Κορίνθου.
1074 1507 1153 1584 τῷ
1201 1503 1272 1580 δὴ
1330 1503 1568 1584 λέγουσι
1625 1506 1914 1581 Κορίνθιοι

191 1587 196 1593 Δ
310 1590 716 1673 (ομολογέουσι
762 1590 826 1650 δέ
868 1596 983 1668 σφι
1026 1591 1300 1673 Λέσβιοι)
1343 1595 1402 1651 ἐν
1443 1595 1522 1671 τῷ
1564 1593 1677 1673 βίω
1721 1592 1914 1670 θῶυμα

208 1741 221 1753 ,
306 1679 580 1760 μέγιστον
617 1683 990 1758 παραστῆναι,
1015 1677 1245 1757 Ἀρίονα
1280 1678 1380 1740 τὸν
1418 1679 1789 1758 Μηθυμναῖον
1821 1680 1913 1739 ἐπὶ

308 1766 573 1844 δελφῖνος
599 1767 1025 1847 ἐξενειχθέντα’
998 1767 1092 1827 επὶ
1116 1766 1405 1844 Ταίναρον,
1427 1766 1589 1828 ἐόντα
1612 1767 1913 1848 κιθαρῳδόν

306 1857 419 1914 τῶν
455 1853 586 1915 τότε
628 1853 826 1916 ἐόντων
866 1853 1085 1918 οὗδενός
1125 1852 1392 1931 δεύτερον,
1434 1855 1529 1914 καὶ
1566 1853 1913 1933 διθύραμβον

307 1945 527 2019 πρῶτον
551 1941 850 2020 ἀνθρώπων
880 1946 993 2003 τῶν
1015 1941 1179 2019 ἡμεῖς
1201 1940 1359 2019 ἴδμεν
1380 1940 1699 2018 ποιήσαντά
1723 1968 1789 2004 τε
1819 1943 1912 2003 καὶ

214 2029 292 2091 24
308 2027 670 2107 ὀνομάσαντα
705 2030 803 2089 καὶ
835 2028 1131 2099 διδάξαντα
1169 2033 1230 2089 ἐν
1268 2030 1543 2109 Κορίνθῳ·
1580 2033 1780 2090 τοῦτον
1813 2029 1914 2092 τὸν

307 2116 536 2194 Ἀρίονα
559 2117 813 2198 λέγουσι,
831 2115 932 2178 τόν
954 2115 1179 2177 πολλᾶν
1200 2120 1301 2177 τοῦ
1324 2115 1530 2195 χρόνου
1555 2116 1913 2195 διατρίβοντα

307 2204 463 2283 παρὰ
493 2204 831 2285 Περιάνδρῳ,
861 2205 1206 2282 ἐπιθυμήσω
1235 2208 1465 2265 πλῶσαι
1489 2210 1547 2269 ἐς
1573 2203 1823 2283 Ἰταλίην
1850 2231 1913 2267 τε

311 2293 405 2353 καὶ
425 2292 705 2369 Σικελίην·
733 2290 1117 2375 ἐργασάμενον
1135 2292 1196 2352 δὶ
1217 2290 1482 2372 χρήματα
1503 2292 1731 2373 μεγάλα
1749 2294 1914 2370 θελῆ-

308 2405 412 2441 σαι
435 2380 618 2441 ὀπίσω
642 2385 699 2444 ἐς
724 2379 1004 2458 Κόρινθον
1028 2378 1350 2440 ἀπικέσθαι·
1384 2379 1673 2458 ὁρμᾶσθαι
1695 2382 1801 2458 μέν
1817 2407 1915 2442 νυν

308 2472 372 2528 ἐκ
420 2467 716 2546 Τάραντος,
762 2465 1100 2528 πιστεύοντα
1150 2467 1212 2527 δὲ
1261 2466 1557 2544 οὐδαμοῖσι
1603 2471 1833 2545 μᾶλλον
1872 2466 1914 2547 ἦ

309 2556 678 2633 Κορινθίοισι,
704 2553 1115 2632 μισθώσασθαι
1131 2558 1336 2616 πλοῖον
1354 2554 1564 2633 ἀνδρῶν
1583 2557 1911 2633 Κορινθίων·

306 2666 435 2706 τους
459 2643 572 2702 δὲ’
544 2668 604 2703 εν
620 2647 698 2722 τῷ
721 2642 957 2725 πελάγει
977 2641 1365 2718 ἐπιβουλεύειν
1381 2642 1482 2704 τόν
1496 2642 1724 2721 Ἀρίονα
1744 2646 1913 2721 ἐκβα-

306 2728 513 2794 λόντας
546 2723 704 2810 ἔχειν
746 2756 818 2791 τα
866 2730 1149 2810 χρῆματα·
1200 2729 1300 2791 τόν
1349 2730 1411 2791 δὲ
1460 2732 1698 2793 συνέντα
1744 2736 1913 2793 τοῦτο

305 2818 635 2889 λίσσεσθαι,
689 2818 954 2898 χρήματα
1002 2819 1109 2896 μέν
1152 2824 1266 2896 σφι
1311 2820 1574 2896 προϊέντα
1618 2818 1808 2899 ψυχὴν
1851 2820 1912 2879 δὲ

304 2904 756 2985 παραιτεόμενον·
784 2931 957 2967 ουκων
971 2905 1039 2981 δὴ
1055 2906 1266 2967 πείθειν
1280 2905 1449 2968 αυτόν
1461 2905 1730 2967 τούτοισι·
1757 2906 1912 2966 ἀλλὰ

307 2992 551 3055 κελεύειν
566 3019 696 3058 τους
718 2990 1064 3071 πορθμέας
1026 3018 1065 3069 η
1086 2992 1254 3055 αὐτόν
1262 2994 1621 3107 διαχρᾶσθαί
1636 3020 1736 3073 μιν
1753 2993 1825 3058 ὥς
1842 2991 1911 3055 ἂν

303 3084 492 3159 ταφῆς
527 3086 586 3142 ἐν
617 3085 696 3163 γῇ
727 3079 887 3159 τύχῃ,
913 3078 951 3158 ἢ
984 3080 1278 3160 ἐκπηδᾷν’
1251 3107 1308 3145 ες
1340 3082 1446 3157 τήν
1481 3081 1787 3142 θάλασσαν
1807 3081 1913 3159 τήν

301 3169 641 3249 ταχίστην·
630 3167 1022 3244 ἀπειληθέντα
1061 3167 1122 3226 δὲ
1159 3166 1259 3229 τᾶν
1293 3167 1524 3246 Ἀρίονα
1549 3173 1619 3234 ἐς
1656 3170 1929 3254 ἀπορίην)

302 3254 781 3334 παραιτήσασθαι,
823 3252 1012 3330 ἐπειδή
1049 3260 1163 3329 σφι
1202 3253 1343 3315 ουτω
1382 3254 1580 3327 δοκέοι,
1621 3257 1911 3333 περιῖδέειν
