2184 3517
278 86 372 135 348
892 83 1260 133 ἮΡοΔοτοτ·
1758 82 1895 147 [IV.

279 162 506 243 οἰχῶκεε
524 168 581 227 ἐς
600 164 906 245 Αἴγυπτον·
936 161 1087 239 ἦσαν
1111 162 1223 244 γάρ
1251 165 1306 222 οἰ
1332 167 1392 222 ἐκ
1416 166 1518 222 τοῦ
1541 161 1904 241 Ἀρκεσίλεω

276 251 587 333 εὐεργεσίαι
629 257 682 314 ἐς
724 251 1052 329 Καμβύσεα
1098 251 1198 312 τὸν
1239 251 1433 327 Κύρου
1485 254 1901 328 πεποιημέναι·

277 339 464 420 (οὗτος
494 340 604 421 γοῖρ
637 339 708 415 ἦν
736 339 767 399 ὁ
803 339 1174 417 Ἀρκεσίλεως
1201 339 1262 402 ὅς
1291 338 1557 416 Κυρήνην
1586 339 1899 419 Καμβύσῃ

276 428 440 488 ἔδωκε
467 430 558 487 καὶ
586 428 766 505 φόρον
787 427 1066 507 ἐτάξατο·)
1094 427 1405 504 ἀπικομένη
1434 427 1495 486 δὲ
1523 433 1579 490 ἐς
1600 429 1901 508 Αἴγυπτον

275 516 314 592 ἦ
340 519 616 594 Φερετίμη
641 515 961 595 Ἀρυάνδεω·
979 510 1145 579 ἱκέτις
1173 515 1342 586 ἕζετο,
1364 520 1689 593 τιμωρῆσαι
1718 520 1900 595 ἑωυτῇ

276 605 612 665 κελεύουσα·
652 605 1043 683 προῖσχομένη
1076 603 1391 680 πρόφασιν,
1422 603 1494 667 ὥς
1526 603 1619 662 διαῖ
1656 603 1761 663 τᾶν
1786 631 1899 680 μη-

181 695 297 753 166
315 693 521 770 δισμὸν
547 693 579 753 ὁ
604 696 738 756 παῖς
760 695 814 751 οἱ
838 693 1088 768 τέθνηκε.
1146 690 1215 751 Ὁ
1239 692 1299 752 δὲ
1313 690 1619 768 Ἀρυάνδης
1637 691 1711 767 ἦν
1732 690 1901 755 οὗτος

273 785 374 857 τῆς
394 780 683 862 Αἰγύπτου
701 780 955 860 ὕπαρχος
977 780 1088 840 ὖπό
1111 780 1448 857 Καμβύσεω
1467 779 1806 842 κατεστεώς·
1833 779 1899 843 ὃς

273 868 489 950 ὖστέρῳ
521 869 704 950 χρόνῳ
728 869 938 930 τούτων
964 869 1372 946 παρισεύμενος
1410 869 1628 948 Δαρείῳ
1659 868 1896 944 διεφθά-

273 982 366 1033 ρη.
426 956 742 1033 πυθόμενος
783 957 895 1038 γοὶρ
941 957 1033 1016 καὶ
1072 957 1201 1016 ἰδὼν
1240 961 1482 1034 Δαρεῖον
1516 958 1899 1033 ἐπιθυμέοντα

273 1045 636 1122 μνημόσυνον
667 1049 871 1105 ἑωυτοῦ
903 1044 1180 1105 λιπέσθαι
1212 1048 1381 1105 τοῦτο
1406 1044 1472 1104 τὸ
1500 1043 1580 1119 μή
1609 1043 1780 1123 ἄλλῳ
1809 1046 1898 1120 εἴη

273 1133 515 1207 βασιλέϊ
572 1131 1042 1214 κατεργασμένον,
1098 1131 1357 1209 ἐμιμέετο
1410 1135 1635 1192 τοῦτον·
1710 1137 1769 1196 ἐς
1827 1131 1896 1192 οὗ

277 1221 456 1297 ἔλαβε
480 1246 582 1281 τον
606 1219 839 1297 μισθόν.
919 1224 1157 1297 Δαρεῖος
1183 1222 1287 1296 μὲν
1311 1245 1423 1300 γαρ
1450 1220 1693 1298 χρυσίον
1721 1221 1897 1279 καθα-

272 1332 523 1383 ρωτατον
576 1307 878 1386 ἀπεψήσας
941 1313 997 1371 ἐς
1044 1308 1114 1368 τό
1171 1306 1569 1375 δυνατώτατον,
1636 1308 1898 1390 νόμισμα

278 1394 549 1472 ἐκόψατο·
605 1395 910 1473 Ἀρυανδης
954 1396 1013 1455 δὲ
1059 1394 1249 1474 ἅρχων
1288 1394 1577 1476 Αἰγύπτου
1623 1395 1898 1476 αργύριον

268 1482 451 1542 ,τῶυτὸ
482 1487 653 1543 τοῦτο
692 1484 873 1543 ἐποίεε
886 1511 900 1525 ·
943 1485 1036 1543 καὶ
1062 1488 1163 1543 νῦν
1192 1485 1318 1543 ἐστὶ
1343 1482 1610 1563 ἀργύριον
1639 1484 1894 1562 καθαρώ-

274 1595 444 1630 τατον
468 1570 535 1630 τὸ
560 1569 941 1647 Ἀρυανδικόν.
1009 1571 1204 1649 μαθών
1231 1571 1291 1630 δὲ
1319 1570 1558 1647 Δαρεῖός
1583 1597 1684 1647 μιν
1708 1577 1893 1631 ταῦτα

272 1661 550 1729 ποιεῦντα,
579 1660 760 1736 αἰτίην
801 1661 854 1718 οἱ
892 1659 1079 1735 ἄλλην
1120 1660 1415 1728 ἐπενείκας,
1456 1657 1527 1721 ὥς
1568 1662 1623 1717 οἱ
1660 1660 1893 1719 ἐπανίσ-

183 1746 297 1807 167
316 1773 492 1817 ταιτο,
529 1746 837 1808 ἀπέκτεινε.
898 1747 1037 1808 Τότε
1063 1748 1125 1806 δὲ
1152 1745 1315 1811 οὗτος
1351 1746 1384 1806 ὁ
1417 1745 1728 1823 Ἀρυάνδης
1761 1773 1890 1806 κατ-

276 1836 548 1911 οικτείρας
605 1835 928 1911 Φερετίμην,
988 1836 1133 1895 διδοῖ
1187 1833 1330 1915 αὐτῇ
1371 1834 1620 1911 στρατόν
1672 1834 1775 1895 τὸν
1830 1836 1895 1904 ἐξ

275 1923 563 2003 Αἰγύπτου
606 1922 842 1993 ἅπαντα,
882 1924 977 1982 καὶ
996 1923 1110 1983 ’τὸν
1141 1924 1312 1994 πεζὸν
1343 1922 1437 1981 καὶ
1467 1921 1568 1982 τᾶν
1603 1922 1889 1984 ναυτικόν·

273 2009 597 2091 στρατη-γὰν
624 2011 682 2069 δὲ
708 2016 809 2071 τοῦ
836 2015 940 2089 μὲν
971 2014 1143 2083 πεζοῦ
1168 2011 1428 2086 Ἀμασιν
1453 2009 1687 2079 ἀπέδεξε
1714 2009 1891 2087 ἄνδρα

276 2099 603 2176 Μαράφιον,
628 2103 729 2159 τοῦ
770 2100 831 2158 δὲ
871 2103 1131 2159 ναυτικοῦ
1166 2098 1409 2175 Βάδρην,
1448 2097 1610 2158 ἐόντα
1646 2104 1885 2176 Hau-ap·

271 2187 448 2268 γάδην
472 2188 651 2267 γένος.
735 2188 867 2265 πρὶν
893 2186 1012 2246 δὲ*
977 2213 1014 2263 η
1041 2186 1382 2247 ἀποστεῖλαι
1406 2186 1512 2261 τήν
1532 2211 1890 2262 στρατιην,ο

271 2274 577 2352 Ἀρυανδης
595 2278 822 2355 πέμψας
848 2281 903 2338 ἐς
927 2275 1031 2351 τὴν
1052 2275 1280 2384 Βάρκην
1299 2274 1527 2351 κήρυκα,
1550 2273 1891 2335 ἐπυνθανετο

272 2365 358 2426 τίς
399 2366 482 2440 εἴη
524 2364 554 2425 ὁ
593 2364 970 2441 Ἀρκεσίλεων
1010 2363 1364 2430 αποκτείνας;
1414 2365 1469 2421 οἶ
1513 2362 1574 2420 δὲ
1612 2365 1890 2438 Βαρκαῖοι

274 2452 434 2512 αὐτοὶ
474 2453 811 2512 ὖποδεκεατο
853 2477 1072 2515 παντες·
1128 2451 1324 2510 πολλά
1362 2476 1426 2511 τε
1464 2449 1577 2532 γοὶρ
1616 2450 1709 2508 καὶ
1746 2451 1891 2510 κακοὶ

273 2540 518 2620 πάσχειν
536 2539 628 2599 ὕπ’
645 2540 835 2601 αυτοῦ·
876 2539 1191 2616 πυθόμενος
1217 2539 1278 2597 δὲ
1301 2541 1479 2599 ταῦτα
1505 2565 1538 2598 ο
1562 2536 1886 2615 Ἀρυάνδης,

275 2655 416 2687 ουτω
442 2629 510 2702 δὴ
536 2627 642 2703 τὴν
677 2653 954 2705 στρατιην
985 2627 1291 2687 ἀπέστειλε
1327 2653 1447 2704 αμα
1481 2629 1555 2705 τῇ
1590 2628 1888 2705 Φερετίμῃ.

277 2715 416 2791 αὕτη
455 2716 561 2791 μέν
599 2741 696 2775 νυν
736 2717 885 2791 αἰτίη
926 2717 1239 2794 πρόσχημα
1276 2720 1378 2775 τοῦ
1418 2715 1599 2796 λόγου
1648 2716 1881 2795 ἐγίνετο·

274 2804 637 2879 ἀπεπέμπετο
690 2802 750 2860 δὲ
802 2802 840 2878 ἦ
895 2828 1152 2881 στρατιη,
1208 2829 1280 2866 ως
1333 2804 1460 2881 ἐμοὶ
1514 2803 1744 2873 δοκέειν,
1794 2803 1889 2863 ἐπὶ

275 2889 507 2964 Λιβύων
535 2895 928 2968 καταστροφῇ·
970 2890 1202 2967 Λιβύων
1240 2918 1352 2972 γαρ
1395 2891 1463 2967 δη
1497 2892 1664 2951 ἔθνεα
1691 2890 1887 2949 πολλα

276 2975 367 3031 καὶ
387 2973 626 3032 παντοῖά
653 2980 795 3034 ἐστι·
824 2977 931 3034 καὶ
956 3002 1029 3035 τα
1053 2981 1158 3054 μὲν
1195 2978 1375 3039 αὐτῶν
1399 2978 1573 3059 ολίγα
1608 2979 1888 3054 βασιλέος

272 3059 341 3134 ἦν
366 3058 601 3133 υπήκοα,
628 3061 701 3121 τοὶ
728 3062 788 3119 δε
813 3063 968 3133 πλεω
990 3065 1279 3139 ἐφρόντιζε
1301 3066 1542 3143 Δαρείου
1571 3065 1749 3125 ουδέν.

184 3146 298 3202 168
384 3138 649 3205 Οἰκέουσι
696 3148 756 3205 δε
799 3173 941 3206 κατα
988 3150 1123 3208 τάδε
1169 3153 1399 3227 Λιβυες·
1458 3151 1556 3211 ἀπ’
1596 3151 1887 3233 Αἰγύπτου

297 3228 593 3304 Ἷξᾶμενοι,
613 3236 823 3306 πρῶτοι
837 3231 1243 3313 Ἀδυρμαχίδαι
1255 3238 1488 3315 Λιβύων
1508 3240 1886 3317 κατοίκηνται·
