2184 3517
384 135 479 185 186
979 135 1351 185 ἨΡΟΔΟΤΟΤ

379 213 442 275 δὲ
477 213 834 275 οἰκισθέντων
874 217 934 275 ἐν
964 213 1246 294 Αἰγύπτῳ,
1283 216 1339 274 οἶ
1365 211 1648 290 Ἕλληνες
1686 213 1834 275 οὕτω
1873 219 1990 275 ἐπι-

377 300 720 382 μισγόμενοι
743 298 998 362 τούτοισι
1022 300 1097 360 τοὶ
1120 302 1250 377 περὶ
1270 300 1557 382 Αἴγυπτον
1578 299 1850 381 γινόμενα
1875 301 1989 363 cim?

379 390 740 468 Ψαμμιτίχου
770 388 1050 465 βασιλέος
1081 387 1384 465 α’ρξάμενοί
1418 387 1601 447 πάντα
1644 389 1737 448 καὶ
1776 389 1851 449 τοὶ
1889 389 1990 450 ὕσ-

378 502 541 554 τερον
587 474 939 552 ἐπιστάμεθα
982 474 1268 553 ἀτρεκέως·
1320 480 1534 553 πρῶτοι
1575 474 1688 556 γὰρ
1732 473 1891 536 οὗτοι
1932 482 1992 538 ἐν

379 563 645 646 Αἰγύπτῳ
691 563 1108 644 ἀλλόγλωσσοι
1162 563 1627 639 κατοικίσθησαν·
1683 563 1748 633 ἐξ
1798 561 1880 625 ὧν
1930 563 1992 625 δὲ

379 652 760 728 ἐξανέστησαν
794 652 1005 731 χώρων,
1033 656 1094 711 ἐν
1117 651 1369 712 τούτοισι
1403 650 1473 727 δὴ
1500 651 1563 711 οἷ
1589 675 1655 711 τε
1685 649 1855 712 ὁλκοὶ
1879 656 1992 713 τῶν

377 743 513 801 νεῶν
552 740 647 799 καὶ
683 739 755 799 τοὶ
796 740 1010 817 ἐρείπια
1047 743 1160 799 τῶν
1194 737 1508 815 οἰκημάτων
1538 738 1606 800 vd
1645 739 1818 819 μέχρι
1859 744 1990 818 ἐμεῦ

377 825 546 903 ἦσαν.
598 827 955 906 Ψαμμίτιχος
978 826 1084 904 μέν
1110 851 1206 887 νυν
1232 826 1373 886 οὕτω
1395 826 1531 905 ἔσχε
1554 825 1988 906 τήνΑἶγυπτον.

289 917 402 976 155
466 919 580 976 Τοῦ
619 914 680 975 δὲ
718 915 1066 994 χρηστηρίου
1105 918 1207 975 τοῦ
1241 919 1301 975 ἐν
1334 914 1600 995 Αἰγύπτῳ
1630 913 1831 974 πολλα
1867 919 1989 975 ἐπε·

377 1004 639 1081 μνήσθην
684 1003 808 1080 ἤδη,
855 1003 948 1062 καὶ
996 1002 1064 1078 δή
1107 1002 1286 1084 λόγον
1327 1002 1458 1079 περὶ
1503 1001 1675 1062 αὐτοῦ
1716 1001 1791 1064 ὥς
1830 1001 1990 1073 αξίου

381 1091 568 1157 ἐόντος
599 1089 1066 1167 ποιήσομαι.τό
1101 1088 1213 1171 γὰρ
1248 1088 1596 1168 χρηστήριον
1624 1093 1793 1150 τοῦτο
1828 1089 1899 1150 τὸ
1931 1096 1990 1150 ἐν

380 1178 706 1260 Αἲγύπτω”
678 1205 800 1240 εστι
832 1181 937 1256 μὲν
969 1179 1241 1254 Λητοῦς
1223 1178 1358 1255 ιρόν,
1392 1181 1453 1237 ἐν
1481 1175 1621 1237 πόλι
1660 1177 1722 1237 δὲ
1758 1176 1990 1259 μεγάλῃ

382 1266 670 1344 ἱδρυμένον
707 1267 849 1327 κατοὶ
879 1267 947 1327 τό
988 1264 1391 1343 Σεβεννυτικόν
1423 1265 1763 1343 καλεόμενον
1794 1266 1990 1344 στόμα

379 1357 482 1414 τοῦ
508 1355 741 1425 Νείλου,
769 1352 1107 1414 ἀναπλέοντι
1132 1351 1246 1412 ‹im-6
1275 1351 1578 1429 θαλάσσης
1602 1351 1731 1413 ἅνω·
1774 1352 1990 1431 οὔνομα

380 1441 443 1501 δὲ
473 1445 547 1519 τῇ
571 1441 712 1503 πόλι
748 1441 921 1521 ταύτῃ
948 1441 1082 1502 ὅκου
1117 1440 1184 1501 τό
1216 1439 1564 1519 χρηστήριόν
1602 1446 1743 1511 ἐστι,
1771 1440 1987 1512 Βουτῶ,

382 1527 456 1591 ὥς
481 1529 573 1587 καὶ
604 1527 876 1605 πρότερον
903 1528 1257 1605 οὕνόμασταί
1276 1553 1393 1605 μοι·
1438 1528 1558 1606 ῑρόν
1585 1529 1648 1588 δέ
1677 1533 1801 1589 ἐστι
1829 1533 1891 1589 ἐν
1914 1531 1989 1609 τῇ

382 1618 589 1676 Βουτοῖ
618 1615 794 1694 ταύτῃ
825 1616 1188 1680 ’Λπόλλωνος
1222 1616 1315 1675 καὶ
1344 1615 1687 1694 Ἀρτέμιδος·
1730 1616 1825 1675 καὶ
1856 1615 1890 1677 ὅ
1919 1643 1991 1697 γε

379 1702 512 1780 νηός
543 1707 646 1780 τῆς
671 1707 906 1780 Λητοῦς,
935 1708 994 1764 ἐν
1023 1708 1102 1783 τῷ
1129 1703 1198 1780 δή
1223 1703 1290 1764 τὸ
1324 1702 1671 1783 χρηστήριον
1697 1704 1792 1774 ἔνι,
1820 1703 1991 1768 αὖτός

379 1816 443 1852 τε
482 1791 745 1872 τυγχάνει
789 1791 892 1851 ἐῶν
932 1792 1111 1873 μέγας
1152 1792 1246 1850 καὶ
1285 1792 1360 1851 τὰ
1398 1790 1726 1868 προπύλαια
1773 1793 1891 1871 ἔχει
1930 1797 1992 1856 ἐς

380 1879 521 1957 ὕψος
556 1879 688 1938 δέκα
723 1878 1004 1960 ὀργυιέων·
1044 1879 1113 1939 τὰ
1146 1879 1209 1939 δέ
1237 1904 1339 1956 μοι
1370 1884 1483 1941 τῶν
1509 1883 1765 1957 φανερῶν
1791 1881 1992 1957 θῶψα

380 1967 654 2075 μέγιστον
692 1967 1076 2047 παρεχόμενον
1117 1967 1340 2044 φράσω·
1396 1968 1524 2028 ἔστι
1558 1972 1617 2028 ἐν
1654 1972 1732 2046 τῷ
1768 1968 1992 2044 τεμένεϊ

380 2053 555 2134 τούτω
593 2059 815 2131 Λητοῦς
845 2056 976 2131 νηὸς
1003 2055 1126 2126 ἐξ
1102 2055 1220 2119 ενός
1245 2056 1411 2116 λίθου
1440 2056 1811 2132 πεποιημένος
1837 2056 1894 2119 ἔς
1921 2081 1991 2117 τε

380 2141 523 2221 ὕψος
570 2143 663 2202 καὶ
710 2148 766 2208 ἐς
808 2146 1007 2220 μῆκος·
1062 2144 1157 2203 καὶ
1202 2147 1393 2222 τοῖχος
1444 2144 1680 2208 ἕκαστος
1729 2168 1990 2204 τουτοισι

383 2230 527 2294 ἴσος·
579 2231 998 2311 τεσσεράκοντα
1035 2230 1261 2337 πήχεων
1304 2231 1514 2292 τούτων
1560 2230 1800 2292 ἕκαστόν
1840 2236 1988 2292 ἐστι·

381 2317 451 2379 τὰ
494 2319 554 2379 δὲ
600 2320 1043 2401 καταστέγασμα
1086 2323 1189 2396 τῆς
1229 2319 1445 2397 ὅροφῆς
1485 2318 1665 2383 αλλος
1709 2319 1989 2380 ἐπικέεται

292 2408 404 2466 156
424 2408 670 2480 λίθος,”
641 2434 781 2488 εχων
818 2408 924 2484 τήν
964 2408 1332 2485 παρωροφίδα
1369 2406 1738 2487 τετράπηχυν.
1822 2406 1989 2468 Οὕτω

382 2496 487 2571 μέν
513 2521 609 2556 νυν
639 2495 672 2557 ό
702 2495 834 2572 νηὸς
863 2499 974 2556 τῶν
1000 2499 1257 2573 φανερῶν
1287 2521 1387 2571 μοι
1421 2520 1533 2556 των
1558 2497 1686 2572 περὶ
1716 2497 1886 2555 τοῦτο
1916 2494 1987 2557 τὰ

385 2582 505 2658 ἱρόν
536 2588 661 2642 ἐστι
693 2582 1178 2660 θωυμαστότατον,
1206 2587 1317 2643 τῶν
1353 2584 1413 2643 δὲ
1447 2583 1711 2661 δευτέρων
1736 2586 1912 2659 νῆσος
1945 2583 1988 2660 ἤ

354 2668 605 2745 ,Χέμμις
645 2671 975 2746 καλευμένη.
1059 2671 1182 2730 ἔστι
1216 2672 1320 2748 μὲν
1361 2675 1419 2731 ἐν
1454 2671 1627 2749 λίμνῃ
1662 2670 1852 2748 βαθέῃ
1891 2672 1987 2731 καὶ

382 2755 602 2833 πλατέῃ
629 2757 850 2832 κειμένη
875 2755 1032 2834 παρὰ
1060 2758 1129 2817 τὰ
1166 2763 1224 2818 ἐν
1255 2761 1464 2818 Βουτοῖ
1499 2757 1635 2835 ῑρόν,
1660 2759 1890 2840 λέγεται
1923 2758 1987 2819 δὲ

382 2840 475 2902 ὑπ’
503 2844 819 2924 Αἰγυπτίων
846 2843 983 2904 εἶναι
1007 2843 1149 2920 αὕτη
1174 2843 1213 2922 ἦ
1241 2850 1414 2922 νῆσος
1438 2846 1655 2923 πλωτή·
1692 2845 1858 2910 αὖτός
1881 2849 1986 2924 μὲν

384 2931 556 3010 ἔγωγε
590 2928 715 2990 οὔτε
751 2932 1041 2992 πλέουσαν
1080 2930 1209 2992 οὔτε
1245 2936 1566 3010 κινηθεῖσαν
1598 2935 1734 3005 ἴδον,
1765 2935 1985 3011 τέθηπα

385 3016 444 3074 δὲ
479 3017 690 3077 ἀκούων
721 3021 768 3076 εἰ
803 3021 977 3093 νῆσος
1013 3019 1264 3096 α’ληθέως
1303 3022 1428 3081 ἐστὶ
1460 3021 1676 3098 πλωτή·
1721 3027 1779 3082 ἐν
1805 3022 1875 3098 δὴ
1911 3021 1986 3084 ὧν

381 3103 556 3181 ταύτῃ
602 3102 732 3179 νηός
774 3130 838 3164 τε
878 3104 1242 3170 ’Λπόλλωνος
1292 3108 1471 3188 μέγας
1517 3110 1611 3179 ἔνι,
1657 3110 1750 3169 καὶ
1794 3111 1987 3187 βωμοὶ

382 3189 677 3265 τριφάσιοι
708 3191 1034 3268 ἐνιδρύαται·
1076 3194 1440 3270 ἐμπεφύκασι
1475 3194 1521 3254 δ’
1550 3201 1607 3256 ἐν
1637 3195 1780 3275 αὐτῇ
1806 3198 1984 3274 φοίνι-

384 3297 476 3336 κες
515 3276 731 3355 συχνοὶ,
772 3277 868 3337 καὶ
907 3277 1065 3339 ἅλλα
1106 3280 1333 3357 δένδρεα
1373 3280 1468 3340 καὶ
1510 3282 1853 3362 καρποφόρα
1894 3283 1988 3345 καὶ
