2184 3517
282 73 289 79 '
328 92 425 141 156
938 89 1310 141 ἯΡοΔοτοω
1828 88 1927 155 [11.

326 169 449 248 μόν,
485 170 577 230 καὶ
611 169 918 249 Μάκρωνες
947 172 1004 229 οἱ
1036 169 1294 231 τούτοισι
1318 169 1712 251 αό-ηιγείτονες
1738 169 1934 243 ἐόντες,

286 253 290 257 μ
327 256 441 318 άπό
470 257 715 338 Κόλχων
758 258 907 335 φασὶ
945 258 1148 318 νεωστὶ
1185 256 1587 335 μεμαθηκέναι·
1646 256 1803 319 οὗτοι
1826 259 1939 340 γάρ

329 350 441 406 εἰσι
477 350 531 406 οἰ
562 345 1025 424 περιταμνόμενοι
1055 344 1358 422 ἀνθρώπων
1389 349 1609 423 μοῦνοι.
1666 346 1762 406 καὶ
1787 344 1942 407 οὗτοι

329 435 691 516 Αἰγυπτίοισι
748 434 1043 510 φαίνονται
1105 437 1388 499 ποιεῦντες
1447 433 1593 493 κατὰ
1651 433 1727 494 τὰ
1778 433 1939 508 αὐτοὶ,

331 522 511 583 αὐτῶν
552 523 612 583 δὲ
652 522 973 603 Αἰγυπτίων
1013 522 1107 581 καὶ
1148 520 1433 583 Αἰθιόπων
1474 519 1575 584 οῦκ
1616 523 1728 601 ἔχω
1768 525 1943 584 εἰπεῖν

330 609 580 687 ὁκότεροι
620 610 774 688 παροὶ
813 613 926 671 τῶν
965 608 1165 686 ἐτέρων
1206 608 1494 686 ἐξέμαθον·
1550 608 1792 689 ἀρχαῖον
1828 610 1942 691 γοῖρ

329 697 401 774 δή
438 723 495 758 τι
537 699 794 775 φαίνεται
834 696 945 758 ἐόν·
1004 697 1076 762 ὥς
1115 696 1163 757 δ’
1204 696 1633 778 ἐπιμισγόμενοι
1671 695 1944 779 Αἰγύπτῳ

331 784 616 863 ἐξέμαθον,
671 785 821 867 μέγα
872 810 972 862 μοι
1027 786 1120 846 καὶ
1171 784 1301 847 τόδε
1352 784 1651 862 τεκμήριον
1701 784 1941 866 γίνεται·

328 874 595 935 Φοινίκων
648 873 846 934 ὁκόσοι
887 877 961 953 τῇ
1008 872 1248 933 Ἑλλάδι
1295 873 1706 952 ἐπιμίσγονται,
1754 872 1941 936 οὐκέτι

327 961 665 1043 Αἰγυπτίους
716 960 1012 1041 μιμέονται
1063 960 1209 1021 κατὰ
1254 960 1328 1022 τὰ
1373 960 1573 1031 αἰδοῖα,
1622 958 1782 1020 ἅλλοί
1825 965 1939 1022 τῶν

236 1052 350 1111 105
368 1049 763 1133 ἐπιγινομένων
805 1048 870 1110 οὔ
923 1049 1329 1127 περιτάμνουσι
1380 1048 1455 1110 τιὶ
1508 1047 1711 1110 αἰδοῖα.
1793 1048 1939 1128 Φέρε

326 1165 422 1200 νυν
448 1140 540 1199 καὶ
566 1139 717 1200 ἄλλο
745 1139 881 1199 εἴπω
906 1139 1036 1215 περὶ
1059 1141 1172 1198 τῶν
1192 1137 1457 1217 Κόλχων,
1481 1135 1552 1200 ὥς
1568 1136 1936 1217 Αἰγυπτίοισι

323 1227 676 1306 προσφερέες
711 1226 842 1287 εἰσί.
925 1226 1083 1286 λίνον
1115 1229 1316 1303 μοῦνοι
1348 1222 1508 1285 οὗτοί
1537 1249 1602 1285 τε
1633 1224 1728 1283 καὶ
1764 1223 1934 1306 Αἰγῦο

323 1341 478 1376 πτιοι
506 1314 830 1396 ἐργάζονται
857 1312 1000 1374 κατὰ
1022 1340 1097 1374 τα
1123 1312 1282 1373 αὐτά.
1339 1312 1430 1372 καὶ
1455 1311 1495 1387 ἦ
1523 1310 1627 1388 ζόη
1650 1314 1816 1374 πᾶσα
1839 1312 1933 1373 καὶ

323 1428 361 1478 η
389 1407 636 1484 γλωσσα
658 1401 959 1478 ἐμφερής’
933 1426 1058 1462 εστι
1082 1400 1415 1485 ἀλλήλοισι.
1471 1399 1629 1461 λίνον
1654 1399 1716 1460 δὲ
1740 1400 1809 1461 τό
1827 1404 1934 1477 μὲν

326 1488 670 1568 Κολχικὸν,“
635 1514 747 1548 υπο
731 1487 1389 1566 ἙλλήνωνΣαρδονικὸν
1405 1486 1692 1564 κέκληται·
1718 1512 1786 1549 το
1801 1488 1931 1565 μέν·

322 1602 411 1639 τοι
437 1577 532 1637 ἀπ’
561 1575 848 1658 Αἰγύπτου
876 1575 1273 1689 ἀπικνεύμενον
1300 1574 1575 1637 καλέεται
1570 1574 1914 1656 Αἰγυπτιον.

232 1668 347 1727 106
407 1664 521 1730 Τας
546 1665 606 1725 δὲ
633 1665 852 1741 στήλας
876 1665 978 1729 τοῖς
1016 1666 1152 1726 ἵστα
1193 1664 1335 1725 κατὰ
1359 1689 1461 1728 τας
1489 1689 1677 1743 χωρας
1701 1690 1734 1723 ο
1762 1665 1929 1747 Αἰγυ-

322 1780 466 1815 πτου
512 1753 792 1831 βασιλευς
838 1752 1179 1831 Σέσωστρις,
1227 1755 1289 1813 αἰ
1326 1755 1433 1829 μὲν
1470 1755 1705 1815 πλεῦνες
1746 1751 1930 1814 ουκέτι

321 1844 617 1920 φαίνονται
656 1844 1002 1919 περιεοῦσαι·
1044 1845 1106 1902 ἐν
1141 1842 1202 1901 δὲ
1239 1844 1313 1921 τῇ
1344 1840 1711 1919 Παλαιστίνῃ
1753 1842 1930 1921 Συρίῃ

223 1932 228 1940 ’
318 1929 486 1993 αὐτος
525 1930 685 2008 ὄρεον
717 1928 934 2001 ἐουσας,
964 1929 1057 1989 καὶ
1095 1928 1169 1989 τοὶ
1207 1928 1513 2011 γράμματα
1549 1954 1624 1989 τα
1663 1928 1930 2006 εἰρημένα

319 2017 557 2095 ἐνεόντα,
612 2019 704 2078 καὶ
759 2018 1019 2100 γυναικὸς
1077 2017 1283 2078 αἰδοῖα.
1365 2018 1479 2077 εἰσὶ
1538 2017 1600 2077 δὲ
1653 2016 1747 2076 καὶ
1797 2019 1927 2096 περὶ

316 2106 529 2182 Ἰωνίην
553 2108 652 2169 δύο
679 2105 847 2169 τύποι
874 2110 933 2167 ἐν
951 2104 1197 2184 πέτρῃσι
1224 2103 1700 2187 ἐγκεκολαμμένοι
1722 2104 1927 2167 τούτου

314 2199 416 2254 τοῦ
442 2194 655 2274 άνδρὸς,
676 2199 749 2273 τῇ
773 2220 838 2255 τε
864 2197 925 2253 ἐκ
950 2197 1053 2269 τῆς
1069 2193 1345 2270 Ἐφεσίης
1370 2198 1427 2257 ἐς
1452 2191 1709 2253 Φώκαιαν
1735 2194 1924 2273 ἔρχον·

316 2309 426 2355 ται,
468 2284 561 2344 καὶ
598 2287 672 2362 τῇ
713 2288 774 2343 ἐκ
815 2279 1066 2360 Σαρδίων
1107 2286 1162 2345 ἐς
1203 2280 1484 2359 Σμύρνην·
1528 2280 1824 2358 ἑκατέρωθι
1864 2282 1926 2342 δὲ

318 2370 459 2449 α’νήρ
497 2370 891 2453 ἐγγέγλυπται,
923 2369 1172 2451 μέγαθος
1201 2368 1459 2446 πέμπτης
1499 2369 1808 2446 σπιθαμῆς,
1849 2374 1924 2449 τῇ

314 2462 419 2536 μὲν
458 2459 609 2537 δεξιῇ
649 2459 775 2536 χερὶ
814 2458 960 2537 ἔχων
1001 2456 1213 2565 αἰχμην
1250 2461 1324 2537 τῇ
1363 2456 1423 2517 δὲ
1462 2453 1733 2535 οἷριστερῇ
1763 2455 1923 2528 τόξα,

318 2547 411 2606 καὶ
433 2546 539 2622 τὴν
565 2544 751 2621 ἄλλην
776 2545 984 2622 σκευὴν
1017 2544 1298 2611 ὡσαύτως·
1341 2546 1434 2606 καὶ
1462 2570 1575 2626 γαρ
1608 2545 1926 2626 Αἰγυπτίην

316 2635 409 2693 καὶ
440 2633 742 2717 Αἰθιοπίδα
783 2634 916 2713 ἔχει·
959 2638 1021 2693 ἐκ
1061 2631 1123 2692 δὲ
1160 2637 1265 2693 τοῦ
1303 2631 1456 2710 ὤμου
1497 2637 1553 2696 ἐς
1591 2632 1693 2694 τᾶν
1735 2634 1926 2711 ἕτερον

316 2719 466 2800 ὦμον
519 2720 610 2781 διὰ
658 2725 769 2781 τῶν
821 2720 1074 2796 στηθέων
1131 2719 1439 2800 γράμματα
1491 2719 1584 2797 ἱρα
1636 2719 1926 2803 Αἰγυπτια

315 2808 490 2886 διήκει
515 2807 985 2891 ἐγκεκολαμμένα,
1012 2807 1254 2889 λέγοντα
1275 2808 1426 2869 τάδε·
1467 2813 1619 2868 ΕΓΩ
1646 2814 1924 2870 ΤΗΝΔΕ

313 2903 480 2956 ΤΗΝ
535 2900 811 2957 ΧΩΡΗΝ
862 2897 1148 2960 ΩΜΟῙΣῙ
1197 2897 1408 2960 ΤΟῙΣῙ
1456 2898 1742 2961 ΕΜΟῙΣῙ
1786 2903 1924 2957 ΕΚ·-

314 2985 729 3049 ΤΗΣΑΜΗΝ.
810 2981 968 3048 ὅστις
1008 2983 1070 3043 δὲ
1113 2982 1204 3043 καὶ
1251 2983 1448 3045 ὁκόθεν
1490 2983 1631 3054 ἐστὶ,
1675 2986 1922 3046 ἐνθαῦτα

313 3071 418 3144 μὲν
456 3069 522 3129 οὗ
554 3071 732 3147 δηλοῖ,
761 3069 986 3148 ἑτέρωθι
1012 3071 1072 3132 δὲ
1098 3070 1391 3146 δεδήλωκε·
1432 3070 1505 3131 τὰ
1537 3071 1605 3147 δή
1644 3073 1737 3131 καὶ
1762 3098 1925 3150 μετε-

316 3151 528 3230 ξέτεροι
558 3162 670 3217 τῶν
696 3158 1055 3234 θεησαμένων
1080 3157 1378 3235 Μέμνονος
1404 3158 1590 3221 εἰκόνα
1631 3159 1925 3232 εἰκάζουσί

314 3260 415 3312 μιν
439 3238 595 3309 εἶναι,
620 3244 771 3300 πολι)
796 3248 898 3317 τῆς
922 3244 1198 3320 ἀληθηίης
1222 3244 1717 3323 ἀπολελειμμένοι.
