2184 3517
247 115 535 180 1871-190]
954 113 1187 167 ΚΛΕῙΩ.
1805 117 1869 165 9³

246 197 424 258 παῖδα
448 195 834 274 ἐστρατεύετο,
865 195 1064 277 ἔχοντά
1089 223 1153 258 τε
1177 202 1278 257 τοῦ
1303 197 1515 276 πατρός
1539 199 1640 257 τοῦ
1670 199 1870 256 ἐωυτοῦ

246 286 495 364 τοῦνομα
510 285 856 362 Λαβυνήτου
874 287 967 345 καὶ
981 285 1085 361 τὴν
1103 285 1421 362 Ἀσσυρίων
1438 283 1637 364 οἷρχήν.
1676 284 1871 365 (στρα-

247 374 465 436 τεύεται
506 373 566 433 δὲ
598 372 666 448 δὴ
699 373 979 450 βασιλεῦς
1011 372 1042 434 ὁ
1073 374 1253 456 μέγας
1289 373 1382 431 καὶ
1414 374 1651 432 σιτίοισι
1683 370 1741 431 εὖ
1778 376 1871 432 ἐσ-

252 461 655 539 κευασμένοισι
697 463 763 532 ἐξ
800 463 956 522 οἴκου
997 463 1091 521 καὶ
1131 459 1497 540 προβάτοισι·
1542 461 1636 519 καὶ
1673 459 1742 536 δὴ
1780 459 1874 519 καὶ

251 550 396 628 ὕδωρ
438 548 552 609 dm}
589 552 695 609 τοῦ
737 547 1025 610 Χοάσπεω
1063 552 1325 628 ποταμοῦ
1366 546 1485 626 ἅμα
1532 547 1728 630 ἄγεται
1770 551 1875 608 τοῦ

253 638 409 717 παραὶ
442 639 638 703 Σοῦσα
669 640 908 716 ῥέοντος,
932 643 1036 699 τοῦ
1063 637 1275 717 μούνου
1304 638 1454 697 πίνει
1477 636 1757 713 βασιλεῦς
1782 635 1875 696 καὶ

255 726 443 786 ἄλλου
495 725 718 790 οὗδενός
761 731 1042 803 ποταμοῦ·
1087 725 1289 786 τούτου
1337 726 1397 785 δὲ
1440 730 1542 786 τοῦ
1588 723 1874 784 Χοάσπεω

255 819 356 876 τοῦ
380 813 583 877 ὕδατος
608 814 971 893 ἀπεψημένου
995 813 1214 874 πολλαὶ
1249 813 1426 892 κάρτα
1450 813 1660 892 ἅμαξαι
1683 811 1876 890 τετρά-

259 906 458 963 κυκλοι
507 902 787 980 ἡμιόνειαι
840 904 1173 980 κομίζουσαι
1213 908 1272 964 ἐν
1314 902 1598 985 ἅγγείοισι
1648 901 1876 984 α’ργυρέ-

259 1017 394 1063 οισι,
425 992 653 1052 ἔπονται
680 990 792 1068 ὅπη
820 989 889 1052 ἂν
908 990 1181 1072 ἐλαύνῃσι
1209 991 1521 1070 ἑκάστοτε.)
1585 989 1751 1050 Ἐπεί
1770 1015 1834 1051 τε
1855 992 1967 1052 189

260 1077 320 1138 δὲ
345 1079 378 1139 ὁ
406 1084 594 1158 Κῦρος
624 1079 1001 1157 πορευόμενος
1037 1081 1131 1140 ἐπὶ
1161 1079 1268 1157 τὴν
1300 1080 1627 1155 Βαβυλῶνα
1662 1079 1872 1161 ἐγίνετο

261 1168 352 1227 ἐπὶ
385 1167 566 1247 Γύνδῃ
597 1172 851 1248 ποταμῷ,
886 1172 988 1229 τοῦ
1024 1171 1083 1228 αῖ
1113 1171 1219 1246 μὲν
1242 1167 1423 1248 πηγαὶ
1449 1172 1507 1227 ἐν
1531 1170 1878 1242 Ματιηνοῖσι

262 1253 471 1333 οὔρεσι,
509 1257 622 1335 ῥέει
657 1256 721 1317 δὲ
755 1256 848 1317 Bai
883 1257 1232 1335 Δαρδανέων,
1268 1255 1476 1316 ἐκδιδοῖ
1506 1254 1566 1314 δὲ
1601 1259 1657 1318 ἐς
1689 1254 1877 1332 ἕτερον

260 1343 518 1422 ποταμόν
551 1345 764 1426 Τίγριν·
806 1344 839 1406 ὅ
866 1346 926 1405 δὲ
950 1345 1107 1424 παραὶ
1125 1344 1304 1406 Ὦπιν
1327 1343 1499 1405 πόλιν
1534 1343 1673 1422 ῥέων
1693 1347 1748 1406 ἐς
1772 1342 1877 1419 τήν

260 1429 539 1510 Ἐρυθρὴν
571 1432 877 1494 θάλασσαν
913 1434 1135 1494 ἐκδιδοῖ·
1180 1438 1380 1495 τοῦτον
1417 1431 1486 1508 δὴ
1522 1431 1622 1492 τόν
1661 1429 1875 1507 Γύνδην

261 1520 519 1598 ποταμόν
539 1520 610 1585 ὥς
628 1520 938 1598 διαβαίνειν
959 1526 1217 1601 ἐπειρᾶτο
1234 1522 1266 1583 ὅ
1284 1526 1486 1599 Κῦρος,
1507 1520 1671 1581 ἐόντα
1688 1544 1876 1596 νηυσι-

262 1609 521 1687 πέρητον,
550 1608 786 1671 ἐνθαῦτά
817 1613 872 1670 οἱ
900 1615 1011 1671 τῶν
1045 1635 1132 1674 τις
1165 1613 1295 1687 ἱρῶν
1321 1610 1505 1669 ἵππων
1529 1613 1639 1669 τῶν
1655 1611 1869 1667 λευκῶν

262 1695 370 1757 fior&
411 1695 614 1775 ὕβριος
648 1697 830 1776 ἐσβσῖς
861 1702 918 1762 ἐς
946 1697 1047 1759 τόν
1075 1697 1349 1776 ποταμὸν,
1384 1697 1693 1774 διαβαίνειν
1726 1701 1869 1756 ἐπει-

262 1788 423 1862 ρᾶτο·
454 1784 485 1846 ὁ
514 1785 579 1845 δέ
594 1811 692 1863 μιν
711 1785 1025 1864 συμψήσας
1049 1785 1402 1866 ὖποβρύχιον
1422 1785 1648 1865 οἰχώκεε
1669 1784 1873 1861 φέρων.

264 1870 444 1950 κάρτα
473 1898 536 1934 τε
578 1872 645 1950 δή
681 1875 1019 1953 ἐχαλέπαινε
1048 1878 1127 1953 τῷ
1158 1878 1392 1953 ποταμῷ
1426 1873 1458 1934 ό
1493 1877 1681 1951 Κῦρος
1709 1874 1877 1932 τοῦτο

261 1959 582 2039 ὖβρίσαντι,
623 1962 717 2021 καὶ
753 1965 807 2022 οἱ
843 1962 1193 2039 ἐπηπείλησε
1226 1961 1367 2023 οὕτω
1400 1961 1468 2038 δή
1501 1987 1600 2039 μιν
1632 1958 1876 2021 α’σθενέα

262 2048 541 2126 ποιήσειν,
571 2049 716 2110 ὥστε
734 2052 835 2110 τοῦ
853 2053 1062 2110 λοιποῦ
1083 2050 1177 2109 καὶ
1199 2048 1463 2131 γυναῖκάς
1486 2075 1584 2127 μιν
1611 2048 1877 2111 εὐπετέως

262 2136 327 2197 τό
363 2138 504 2220 γόνυ
548 2137 613 2199 οῦ
654 2138 983 2217 βρεχούσας
1023 2137 1428 2214 διαβήσεσθαι·
1481 2136 1624 2214 μετὰ
1666 2136 1726 2197 δὲ
1765 2135 1872 2212 τήν

263 2223 519 2302 ἀπειλήν,
539 2227 724 2305 μετεὶς
739 2226 844 2304 τήν
863 2226 955 2286 ἐπὶ
974 2226 1296 2302 Βαβυλῶνα
1315 2223 1653 2303 στράτευσιν
1672 2223 1877 2301 διαίρεε

263 2313 367 2390 τήν
393 2314 667 2393 στρατιήν
692 2315 841 2395 δίχα,
869 2314 1067 2376 διελῶν
1092 2313 1170 2384 δὲ,
1193 2313 1466 2373 κατέτεινε
1490 2311 1878 2389 σχοινοτενέας

262 2400 536 2474 ὖποδέξας
575 2403 848 2483 διώρυχας
885 2402 1207 2485 ὀγδώκοντα
1246 2401 1340 2460 καὶ
1381 2398 1576 2460 ἐκατόν
1616 2398 1747 2476 παρ’
1792 2403 1876 2459 ἐκ·

262 2489 462 2570 άτερον
498 2490 567 2553 τό
607 2496 800 2572 χεῖλος
842 2491 1227 2570 τετραμμένας
1271 2493 1374 2549 τοῦ
1427 2486 1642 2548 Γύνδεω
1693 2486 1878 2547 πάντα

261 2579 493 2657 τρόπον·
534 2580 796 2651 διατάξας
827 2579 888 2640 δὲ
915 2579 1018 2641 τᾶν
1058 2604 1306 2657 στρατον
1341 2576 1609 2657 ὀρύσσειν
1635 2577 1873 2636 ἐκέλευε·

263 2667 354 2727 οἶα
401 2668 465 2728 δὲ
515 2666 724 2745 ομίλου
767 2671 995 2728 πολλοῦ
1047 2666 1419 2749 ἐργαζομένου
1460 2664 1624 2742 ἤνετο
1664 2667 1770 2745 μὲν
1808 2664 1876 2726 τό

263 2754 503 2836 ᾣγον,’
470 2781 619 2836 ομως
642 2757 836 2834 μέντοι
868 2754 975 2832 τὴν
1007 2756 1227 2835 θερείην
1261 2779 1456 2816 πασαν
1495 2752 1668 2815 αυτοῦ
1701 2752 1877 2832 ταύτῃ

263 2841 552 2923 διέτριψαν
579 2843 949 2926 ἐργαζόμενοι.

339 2930 442 2997 Ὧς
488 2932 550 2992 δὲ
587 2932 688 2992 τόν
728 2932 942 3009 Γύνδην
983 2930 1242 3007 ποταμὸν
1282 2930 1509 2990 ἐτίσατο
1549 2932 1739 3005 Κῦρος
1779 2932 1835 2991 ἐς
1854 2928 1971 2988 190

261 3021 589 3097 τριηκοσίας
615 3021 708 3080 καὶ
735 3018 1001 3096 ἐξήκοντά
1023 3044 1123 3096 μιν
1149 3017 1421 3095 διώρυχας
1447 3014 1755 3091 διαλαβὼν,
1784 3015 1876 3074 καὶ

262 3107 325 3167 τὰ
352 3106 612 3186 δεύτερον
640 3108 736 3185 ἔαρ
770 3107 1086 3184 ὑπέλαμπε,
1116 3103 1257 3164 οὕτω
1293 3103 1362 3178 δὴ
1401 3101 1609 3177 ἤλαυνε
1648 3102 1739 3161 ἐπὶ
1773 3097 1878 3178 τὴν

264 3197 604 3272 Βαβυλῶνα·
680 3198 733 3255 οἶ
799 3195 859 3254 δὲ
915 3189 1278 3268 Βαβυλώνιοι
1340 3187 1876 3267 ἐκστρατευσάμενοι

265 3283 458 3354 ἔμενον
498 3281 686 3345 αὐτόν·
742 3282 864 3342 ἐπεὶ
904 3281 965 3340 δὲ
1004 3280 1225 3361 ἐγένετο
1267 3276 1509 3338 ἐλαύνων
1548 3275 1731 3359 ἀγχοῦ
1774 3280 1876 3352 τῆς
