2184 3517
316 97 413 145 140
938 97 1307 148 ἨΡοΔοτοΤ
1819 93 1923 160 [11.

314 175 693 238 ἀποδέδεκται.
773 177 841 238 *ro*
867 176 914 237 δ’
941 176 1010 237 ἄν
1044 203 1131 241 τις
1163 181 1276 237 ταῖν
1302 175 1507 253 θηρίων
1536 173 1748 236 τούτων
1784 174 1924 237 αἶπο-

316 265 514 344 κτείνῃ,
540 263 611 341 ἢν
635 268 739 343 μὲν
767 264 917 336 ἑκών,
948 264 1187 329 θάνατος
1217 264 1256 341 ἦ
1295 264 1484 340 ζημίη·
1525 261 1596 338 ἦν
1633 263 1694 322 δὲ
1730 253 1926 335 οἷέκων,

314 351 565 413 ἀποτίνει
592 354 793 429 ζημίην
818 352 923 428 τήν
959 351 1029 413 ἂν
1066 356 1122 412 οἰ
1156 352 1295 430 ἱρέες
1319 351 1611 420 τάξωνται.
1695 349 1759 414 ὃς
1783 350 1832 410 δ’
1857 349 1929 412 ἂν

313 439 435 516 ἶβιν
475 439 511 516 ἦ
554 441 718 518 ἴρηκα
755 439 1071 519 ἀποκτείνῃ,
1120 439 1192 516 ἥν
1237 465 1299 499 τε
1341 438 1476 500 {noha
1517 437 1586 515 ἥν
1628 464 1693 498 τε
1732 437 1924 511 α’έκων,

219 530 295 588 66
313 528 574 589 τεθνάναι
627 527 860 610 ἀνάγκη·
943 530 1194 588 Πολλῶν
1233 527 1294 587 δὲ
1334 526 1533 587 ἐόντων
1585 524 1928 603 ὁμοτρόφων

249 610 254 614 ’
314 618 468 677 τοῖσι
495 614 840 693 ἀνθρώποισι
862 617 1080 694 θηρίων,
1102 618 1302 693 πολλῷ
1318 612 1390 674 ἂν
1409 613 1490 674 ἔτι
1510 613 1666 673 πλέω
1692 615 1923 695 ἐγίνετο,

315 708 364 763 εἰ
401 704 483 780 μή
526 704 926 781 κατελάμβανε
963 704 1092 767 τούς
1139 701 1462 780 αἰελούρους
1506 701 1713 762 τοιάδε·
1756 701 1927 763 ἐπεοῖν

311 791 532 852 τέκωσι·
555 795 613 852 αἱ
655 790 873 870 θήλεαι,
916 790 1100 852 οὐκέτι
1141 792 1436 867 φοιτέουσι
1475 788 1628 867 παρᾶ
1668 788 1800 854 τοῦς
1838 792 1923 867 ἔρ-

314 903 500 944 σενας·
543 882 599 939 οἱ
624 879 684 939 δὲ
705 879 986 957 διζήμενοι
1011 880 1327 960 μίσγεσθαι
1346 876 1553 956 αὐτῇσι
1579 876 1679 938 οὐκ
1706 878 1925 958 ἔχουσι·

313 967 458 1045 πρός
514 966 588 1028 ὦν
626 971 804 1028 ταῦτα
845 969 1182 1044 σοφίζονται
1222 966 1372 1027 τάδε·
1416 963 1759 1043 ἁρπάζοντες
1808 964 1927 1027 α’πό

311 1059 423 1115 τῶν
462 1057 679 1134 θηλέων
720 1057 812 1117 καὶ
857 1056 1250 1135 ὑπαιρεόμενοι
1294 1054 1368 1115 τοὶ
1413 1056 1580 1115 τέκνα
1622 1055 1927 1114 κτείνουσι·

314 1145 620 1210 κτείναντες
644 1146 836 1222 μέντοι
863 1144 929 1205 οὗ
954 1146 1273 1206 πατέονται·
1317 1146 1376 1202 αἱ
1402 1142 1463 1203 δὲ
1488 1140 1929 1220 στερισκόμεναι

311 1235 422 1292 τῶν
459 1234 662 1293 τέκνων
699 1232 892 1293 ἄλλων
932 1231 993 1292 δὲ
1033 1231 1452 1308 ἐπιθυμέουσαι,
1480 1228 1622 1289 οὕτω
1663 1228 1734 1305 δὴ
1759 1227 1928 1289 ἄπικ-

312 1319 529 1382 νέονται
554 1320 709 1399 παραὶ
728 1320 857 1384 τούς
883 1321 1129 1398 ἔρσενας·
1175 1317 1509 1396 φιλότεκνον
1529 1317 1590 1376 δὲ
1613 1316 1682 1378 τὸ
1705 1318 1925 1396 θηρίον·

310 1412 585 1485 πυρκαϊῆς
602 1408 662 1467 δὲ
680 1408 996 1489 γενομένης,
1019 1408 1145 1468 θεῖα
1163 1406 1470 1487 πρήγματα
1491 1404 1928 1482 καταλαμβάνει

311 1493 442 1558 τούς
483 1496 826 1574 αἰελούρους·
868 1499 922 1555 οἰ
961 1497 1065 1573 μὲν
1104 1495 1215 1577 γοῖρ
1257 1493 1555 1576 Αἰγύπτιοι
1594 1493 1929 1560 διαστάντες

312 1582 572 1657 φυλακαῖς
604 1583 801 1663 ἔχουσι
829 1586 940 1645 τῶν
975 1583 1294 1661 αἰελούρων,
1328 1581 1714 1660 ἀμελήσαντες
1743 1583 1927 1658 σβεν-

310 1668 466 1730 νύναι
498 1670 564 1731 τὰ
598 1669 910 1749 καιόμενον·
953 1674 1008 1731 οἰ
1043 1671 1105 1730 δὲ
1141 1672 1439 1749 αἰέλουροι,
1473 1668 1784 1734 διαδύοντες
1824 1672 1929 1731 καὶ

308 1756 797 1835 ὑπερθρώσκοντες
829 1759 960 1824 τούς
993 1758 1333 1837 ἀνθρώπους,
1376 1758 1719 1819 ἐσάλλονται
1758 1762 1815 1822 ἐς
1846 1758 1928 1820 τὰ

310 1850 443 1922 πῦρ·
483 1850 662 1908 ταῦτα
700 1848 761 1907 δὲ
789 1848 1068 1928 γινόμενα,
1099 1848 1307 1908 πένθεα
1335 1845 1560 1928 μεγάλα
1593 1844 1723 1909 τούς
1748 1849 1931 1927 Αἰγυ-

308 1934 503 1997 πτίους
564 1935 1011 2013 καταλαμβάνει.
1095 1940 1154 1996 ἐν
1211 1935 1427 1996 ὁτέοισι
1477 1932 1525 1993 δ’
1570 1930 1639 1995 ἂν
1690 1935 1933 1996 οἰκίοισι
2178 2013 2179 2016 ¹

310 2022 599 2100 αἰέλουρος
617 2022 874 2103 οἷποθάνῃ
895 2023 1007 2084 <ivd
1034 2028 1135 2084 τοῦ
1163 2021 1497 2099 αὐτομάτου,
1515 2025 1569 2105 οἰ
1588 2022 1931 2088 ἐνοικέοντες
2178 2025 2179 2098 1

307 2109 508 2174 πάντες
528 2112 813 2190 ξυρέονται
837 2112 940 2177 ταῖς
965 2111 1182 2191 ὀφρύας
1205 2111 1430 2188 μούνας·
1471 2109 1602 2188 παρ’
1625 2109 1837 2171 ὁτέοισι
1869 2110 1927 2171 δ’

215 2195 290 2258 67
309 2194 379 2258 ἂν
416 2197 573 2270 κύων,
594 2204 716 2264 ,πᾶν
747 2201 814 2263 τό
853 2206 1020 2282 σῶμα
1054 2202 1147 2261 καὶ
1176 2199 1283 2278 τήν
1319 2198 1595 2276 κεφαλήν.
1674 2197 1930 2280 Ἀπαγέ-
2176 2193 2177 2276 1

309 2312 438 2346 αται
485 2288 546 2348 δὲ
589 2293 643 2349 οἰ
685 2292 968 2369 αἰέλουροι
1008 2288 1384 2352 ἀποθανόντες
1430 2292 1486 2352 ἐς
1529 2286 1650 2364 ἶροῖς
1689 2287 1928 2368 στέγας,

309 2373 439 2435 ἔνθα
482 2377 790 2440 θάπτονται
831 2378 1249 2458 ταριχευθέντες
1303 2381 1363 2437 ἐν
1413 2374 1714 2451 Βουβάστι
1754 2375 1929 2438 πόλι.
2174 2377 2175 2454 1

308 2463 408 2526 ταῖς
434 2463 493 2523 δὲ
520 2466 683 2530 κύνας
711 2472 770 2527 ἐν
796 2470 868 2547 τῇ
890 2470 1102 2527 ἑωυτῶν
1129 2468 1358 2526 ἕκαστοι
1382 2464 1524 2525 πόλι
1550 2462 1828 2525 θάπτουσι
1861 2469 1931 2525 ἐν
2172 2467 2173 2484 1

311 2552 467 2628 ἱρῇσι
515 2553 743 2632 θήκῃσι·
802 2554 874 2619 ὥς
913 2555 974 2614 δὲ
1014 2553 1189 2618 αὕτως
1227 2557 1364 2633 τῇσι
1406 2553 1538 2613 κυσὶ
1577 2554 1631 2612 οἰ
1673 2554 1928 2631 ἰχνευταὶ

310 2636 629 2700 θάπτονται.
713 2640 815 2706 τσῖς
857 2642 917 2700 δὲ
958 2642 1218 2723 μυγαλᾶς
1251 2642 1342 2699 καὶ
1372 2641 1503 2705 τούς
1543 2641 1736 2719 ἴρηκας
1774 2638 1929 2699 άπά-

306 2751 478 2806 γουσι
519 2731 576 2792 ἐς
628 2733 878 2790 Βουτοῦν
924 2729 1115 2789 πόλιν·
1182 2729 1284 2793 τὰς
1338 2729 1398 2789 δὲ
1439 2730 1560 2805 ἶβις
1606 2734 1662 2792 ἐς
1700 2727 1931 2805 Ἑρμέω

307 2813 499 2875 πόλιν·
554 2815 654 2881 τὰς
708 2818 768 2877 δὲ
820 2816 1055 2897 ἄρκτους
1098 2816 1301 2881 ἐούσας
1344 2817 1603 2888 σπανίας,
1648 2816 1741 2876 καὶ
1782 2815 1932 2881 τοῦς

307 2900 509 2967 λύκους
562 2903 628 2964 ού
679 2909 878 2986 πολλᾷ
931 2908 1037 2986 τέω
1084 2903 1275 2969 ἐόντας
1321 2904 1623 2965 οἷλωπέκων
1662 2903 1927 2983 μέζονας,

310 2987 479 3049 αὐτοῦ
506 2991 787 3055 θάπτουσι
812 3000 884 3074 τῇ
910 2992 980 3055 ἃν
1007 2993 1304 3073 εὑρεθέωσι
1329 2993 1591 3070 κείμενοι.

216 3073 293 3131 68
388 3081 512 3138 Τῶν
553 3080 614 3141 δὲ
660 3083 1026 3160 κροκοδείλων
1068 3082 1108 3158 ἦ
1154 3082 1335 3159 φύσις·
1372 3082 1497 3143 ἐστὶ
1537 3080 1742 3158 τοιήδε·
1784 3079 1932 3146 τούς

309 3167 769 3238 χειμεριωτάτους
793 3174 973 3246 μῆνας
997 3170 1277 3247 τέσσερας
1309 3171 1488 3230 ἐσθίει
1515 3168 1692 3230 οὐδέν·
1735 3167 1828 3228 ἐόν
1863 3167 1934 3229 δὲ

313 3248 638 3322 τετράπουν,
673 3260 943 3333 χερσαῖον
983 3258 1077 3317 καὶ
1116 3256 1375 3334 λιμναῖόν
1415 3262 1561 3320 ἐστι·
1601 3258 1774 3319 τίκτει
1809 3257 1935 3333 μὲν
