2184 3517
375 76 470 137 201³
974 88 1346 137 ‘HPOAOTOT
1852 85 1990 153 [ΙΙΙ.

376 166 470 224 καὶ
521 163 612 224 διὰ
653 168 831 225 ταῦτα
871 164 1247 245 ταριχεύουσι,
1306 165 1395 226 ἴνα
1440 166 1521 243 μή
1575 166 1828 242 κείμενος
1873 166 1990 229 ὔπό

378 251 581 312 εὐλέων
622 253 979 330 καταβρωθῇ.
1063 252 1205 312 οὕτω
1260 252 1328 329 δὴ
1372 253 1715 331 οὐδετέροισι
1769 254 1992 331 νομιζό-

375 367 517 418 μενα
564 339 886 400 ἐνετέλλετο
926 339 1136 400 ποιέειν
1175 340 1209 400 ό
1249 341 1596 418 Καμβύσης.
1680 341 1755 405 ὦς
1792 342 1992 418 μέντοι

377 428 673 509 Αἰγύπτιοι
711 427 967 509 λέγουσι,
996 427 1096 487 οὐκ
1128 427 1379 505 Ἄμασις
1412 427 1484 504 ἦν
1523 427 1556 489 ὅ
1589 433 1769 489 ταῦτα
1792 431 1993 490 παθών

377 515 533 575 ἀλλὰ
573 514 752 579 ἄλλος
803 520 914 576 τῶν
958 541 1042 579 τις
1077 515 1411 597 Αἰγυπτίων,
1458 516 1599 595 ἔχων
1644 516 1752 592 τήν
1808 517 1988 594 αὐτὴν

377 603 601 679 ἡλικίην
652 602 884 679 Ἀμάσι·
966 600 1012 682 ᾧ
1049 602 1449 681 λυμαινόμενοι
1497 602 1723 680 Πέρσαι
1764 604 1992 666 ἐδόκεον

370 690 622 768 Ἀμασιν
648 692 1037 766 λυμαίνεσθαι·
1069 692 1308 772 λέγουσι
1332 690 1461 773 γοῖρ,
1485 688 1557 754 ὦς
1582 692 1900 769 πυθόμενος
1927 699 1992 753 ἐκ

378 779 648 856 μαντηίου
683 778 715 838 ὁ
743 777 993 855 Ἄμασις
1025 778 1098 839 τοῖ
1133 779 1262 856 περὶ
1298 779 1499 839 ἑωυτὸν
1533 780 1743 855 μέλλοι
1774 778 1991 841 οἷποθα-

379 867 547 928 νόντα
580 867 854 948 γίνεσθαι,
883 866 1024 928 οὕτω
1058 866 1128 943 δή
1155 864 1451 942 ἀκεόμενος
1489 867 1561 926 τσῖ
1589 867 1988 945 ἐπιφερόμενα,

378 956 478 1016 τὸν
515 957 618 1033 μὲν
664 953 955 1033 ἄνθρωπον
998 959 1199 1015 τοῦτον
1237 954 1336 1014 τὸν
1380 956 1811 1036 μαστιγωθέντα
1847 955 1991 1016 αἶπο-

381 1043 622 1105 θανόντα
668 1044 841 1122 ἔθαψε
894 1044 986 1102 ἐπὶ
1023 1046 1162 1121 τῇσι
1203 1040 1409 1120 θύρῃσι
1449 1041 1603 1106 ἐντὸς
1640 1047 1744 1119 τῆς
1783 1047 1990 1104 ἑωυτοῦ

381 1132 569 1209 θήκης,
612 1132 811 1192 ἑωυτὸν
844 1132 906 1192 δὲ
938 1131 1251 1192 ἐνετείλατο
1281 1134 1358 1208 τῷ
1391 1130 1548 1190 παιδὶ
1589 1136 1648 1191 ἐν
1686 1136 1847 1213 μυχῷ
1886 1137 1992 1208 τῆς

380 1220 553 1297 θήκης
610 1219 682 1284 ὦς
739 1219 996 1297 μάλιστα
1053 1218 1248 1278 θεῖναι.
1331 1220 1390 1276 αῖ
1446 1219 1554 1293 μέν
1610 1245 1709 1279 νυν
1765 1224 1828 1278 ἐκ
1885 1226 1991 1281 τοῦ

378 1308 654 1385 Ἀμάσιος
681 1307 904 1367 ἐντολαὶ
944 1304 1125 1375 αὗται,
1153 1309 1213 1365 αἱ
1248 1310 1302 1369 ἐς
1332 1297 1442 1381 τῆν’
1461 1306 1652 1383 ταφήν
1676 1332 1739 1366 τε
1767 1309 1859 1367 καὶ
1885 1307 1991 1368 τᾶν

380 1395 669 1474 ἄνθρωπον
700 1397 948 1473 ἔχουσαι,
978 1394 1042 1453 οὔ
1074 1419 1175 1471 μοι
1208 1393 1466 1453 δοκέουσι
1492 1393 1675 1473 ἀρχὴν
1700 1396 1985 1475 γενέσθαι,

380 1484 568 1547 ἄλλως
594 1483 640 1542 δ’
668 1483 808 1543 αὐτὰ
834 1482 1132 1564 Αἰγύπτιοι
1158 1486 1422 1560 σεμνοῦν.

287 1576 359 1634 17
461 1571 625 1631 Μετὰ
651 1571 712 1630 δὲ
734 1574 913 1630 ταῦτα
939 1571 970 1629 ὁ
1008 1570 1334 1646 Καμβύσης
1369 1569 1759 1648 ἐβουλεύσατο
1783 1578 1991 1649 τριφα-

382 1661 512 1723 σίας
551 1658 868 1737 στρατ-ηΐας,
903 1659 998 1718 ἐπί
1032 1684 1097 1718 τε
1136 1658 1557 1737 Καρχηδονίους
1596 1660 1690 1718 καὶ
1731 1660 1825 1719 ἐπὶ
1847 1659 1985 1737 Ἀμ-

378 1750 612 1827 μωνίους
647 1748 739 1806 καὶ
770 1747 862 1805 ἐπὶ
891 1746 1023 1810 τούς
1050 1747 1419 1822 Μακροβίους
1443 1747 1736 1818 Αἰθίοπας,
1765 1749 1982 1824 οἰκημέ-

379 1863 505 1899 νους
524 1836 585 1895 δὲ
602 1833 825 1913 Λιβύης
852 1835 942 1894 ἐπὶ
966 1839 1038 1914 τῇ
1057 1835 1213 1913 νοτίῃ
1242 1834 1532 1915 θαλάσσῃ.
1585 1837 1983 1916 βουλευομένῳ

379 1925 443 1985 δέ
486 1926 541 1984 οἶ
594 1923 744 1993 ἔδοξε
798 1923 891 1982 ἐπὶ
941 1926 1046 2001 μὲν
1100 1915 1519 2001 Καρχηδονίους
1570 1922 1672 1983 τόν
1726 1925 1981 1995 ναυτικὸν

379 2010 623 2089 στρατόν
657 2010 1052 2071 ἀποστέλλειν·
1096 2011 1188 2069 ἐπὶ
1219 2009 1280 2069 δὲ
1303 2010 1649 2087 Ἀμμωνίους
1678 2016 1780 2071 τοῦ
1810 2013 1980 2083 πεζοῦ

380 2099 770 2178 ἀποκρίναντα·
825 2100 917 2159 ἐπὶ
947 2099 1008 2158 δὲ
1041 2098 1173 2161 τούς
1209 2098 1485 2163 Αἰθίοπας
1521 2097 1802 2162 κατόπτας
1834 2104 1980 2177 πρῶ-

380 2215 494 2259 τον,
537 2188 845 2267 ὀψομένους
892 2211 956 2246 τε
1005 2186 1111 2263 τήν
1153 2191 1211 2246 ἐν
1249 2186 1505 2246 τούτοισι
1555 2190 1712 2247 τοῖσι
1751 2188 1981 2265 Αἰθίοψι

380 2279 690 2361 λεγομένην
711 2277 849 2336 εἶναι
872 2274 1041 2350 ἡλίου
1065 2273 1344 2351 τράπεζαν
1371 2279 1419 2333 εἲ
1447 2275 1568 2334 ἔστι
1594 2273 1859 2352 ἀληθέως,
1885 2275 1979 2335 καὶ

378 2368 520 2444 πρὸς
569 2391 744 2445 ταυτῃ
794 2390 868 2425 τα
921 2361 1077 2423 ἄλλα
1129 2364 1558 2439 κατοψομένους,
1607 2362 1757 2440 δῶρα
1800 2363 1859 2422 δὲ
1896 2367 1980 2443 τῷ

289 2456 361 2514 18
380 2455 532 2535 λόγω
566 2455 837 2530 φέροντας
871 2455 948 2530 τῷ
985 2451 1228 2528 βασιλέϊ
1263 2449 1461 2510 αὐτων.
1540 2449 1618 2509 Ἤ
1650 2450 1710 2510 δὲ
1733 2449 1979 2528 τράπεζα

379 2547 479 2603 τοῦ
509 2541 674 2618 ἦλίου
708 2539 895 2615 τοιήδε
931 2564 1016 2603 τις
1054 2539 1283 2620 λέγεται
1319 2537 1476 2598 εἶναι·
1516 2539 1726 2616 λειμών
1766 2544 1882 2598 ἐστι
1916 2544 1979 2599 ἐν

378 2632 455 2708 τῷ
498 2628 813 2705 προαστείῳ
868 2628 1132 2689 ἐπίπλεος
1172 2651 1344 2704 κρεων
1385 2626 1573 2702 ἐφθων
1612 2624 1829 2686 πάντων
1861 2630 1979 2686 τῶν

293 2791 300 2795 ὁ
379 2715 743 2793 τετραπόδων,
786 2720 841 2778 ἐς
877 2713 980 2775 τᾶν
1016 2714 1120 2777 τοῖς
1170 2716 1275 2791 μὲν
1311 2712 1509 2778 νύκτας
1562 2712 1980 2790 ἐπιτηδεύοντας

378 2804 585 2863 τιθέναι
621 2802 691 2862 τοὶ
732 2803 865 2879 κρέα
898 2801 1028 2865 τοῦς
1069 2806 1130 2861 ἐν
1158 2803 1310 2861 τέλεϊ
1342 2802 1612 2866 ἑκάστους
1646 2802 1830 2865 ἐόντας
1858 2805 1980 2863 τῶν

380 2890 582 2959 οἷστῶν,
645 2890 747 2953 τοῖς
797 2890 857 2948 δὲ
908 2889 1121 2966 ἡμέρας
1172 2888 1464 2949 δαίνυσθαι
1517 2888 1822 2968 προσιόντα
1866 2888 1980 2950 τᾶν

378 2977 749 3053 βουλόμενον·
833 2975 1007 3052 φάναι
1044 2976 1105 3034 δὲ
1134 2975 1265 3039 τούς
1300 2977 1627 3056 ἐπιχωρίους
1665 2980 1834 3037 ταῦτα
1864 2976 1982 3053 τὴν

380 3066 489 3139 γῆν
513 3063 685 3137 αὐτὴν
721 3062 1034 3123 ἀναδιδόναι
1074 3062 1361 3123 ἑκάστοτε.
1440 3088 1479 3139 η
1505 3066 1612 3141 μὲν
1635 3064 1704 3139 δη
1728 3062 1983 3140 τράπεζα

291 3146 362 3204 19
381 3152 480 3205 τοῦ
530 3149 694 3221 ἡλίου
735 3149 1043 3224 καλεομένη
1084 3150 1309 3231 λέγεται
1350 3150 1490 3211 εἶναι
1525 3151 1726 3228 τοιήδε.
1808 3155 1984 3229 Καμ-

385 3230 540 3302 βύση
565 3233 692 3289 δὲ’
651 3259 723 3295 ως
749 3235 900 3305 ἔδοξε
922 3237 1162 3300 πέμπειν
1184 3237 1315 3302 τοῦς
1340 3238 1749 3311 κατασκόπους,
1774 3235 1988 3302 αὐτίκα
