<?xml version="1.0" encoding="UTF-8"?>
<!DOCTYPE html PUBLIC "-//W3C//DTD XHTML 1.0 Transitional//EN"
    "http://www.w3.org/TR/xhtml1/DTD/xhtml1-transitional.dtd">
<html xmlns="http://www.w3.org/1999/xhtml" xml:lang="en" lang="en">
 <head>
  <title>
</title>
<meta http-equiv="Content-Type" content="text/html;charset=utf-8" />
  <meta name='ocr-system' content='tesseract 3.04.00' />
  <meta name='ocr-capabilities' content='ocr_page ocr_carea ocr_par ocr_line ocrx_word'/>
</head>
<body>
  <div class='ocr_page' id='page_1' title='image "./herodotus02unkngoog_0046.png"; bbox 0 0 2184 3517; ppageno 0'>
   <div class='ocr_carea' id='block_1_1' title="bbox 136 1548 148 1623">
    <p class='ocr_par' dir='ltr' id='par_1_1' title="bbox 136 1548 148 1623">
     <span class='ocr_line' id='line_1_1' title="bbox 136 1548 148 1623; baseline 0 -16"><span class='ocrx_word' id='word_1_1' title='bbox 136 1548 148 1623; x_wconf 69' lang='grc' dir='ltr'><em>ξ</em></span> 
     </span>
    </p>
   </div>
   <div class='ocr_carea' id='block_1_2' title="bbox 247 71 1859 497">
    <p class='ocr_par' dir='ltr' id='par_1_2' title="bbox 247 71 1859 497">
     <span class='ocr_line' id='line_1_2' title="bbox 255 71 1850 139; baseline 0.003 -19"><span class='ocrx_word' id='word_1_2' title='bbox 255 73 322 121; x_wconf 81' lang='lat'>30</span> <span class='ocrx_word' id='word_1_3' title='bbox 854 72 1222 123; x_wconf 73' lang='lat' dir='ltr'>HPOAo&#39;ro‘r</span> <span class='ocrx_word' id='word_1_4' title='bbox 1778 71 1850 139; x_wconf 88' lang='lat'>[1.</span> 
     </span>
     <span class='ocr_line' id='line_1_3' title="bbox 249 148 1855 259; baseline 0.002 -50"><span class='ocrx_word' id='word_1_5' title='bbox 249 148 648 259; x_wconf 76' lang='grc' dir='ltr'>ἀπρόσμικτοι.</span> <span class='ocrx_word' id='word_1_6' title='bbox 726 154 1050 230; x_wconf 80' lang='grc' dir='ltr'>μετέβαλον</span> <span class='ocrx_word' id='word_1_7' title='bbox 1087 153 1149 213; x_wconf 85' lang='grc' dir='ltr'>δὲ</span> <span class='ocrx_word' id='word_1_8' title='bbox 1189 150 1294 213; x_wconf 80' lang='grc' dir='ltr'>ὦδε</span> <span class='ocrx_word' id='word_1_9' title='bbox 1333 157 1389 217; x_wconf 90' lang='grc' dir='ltr'>ἐς</span> <span class='ocrx_word' id='word_1_10' title='bbox 1421 150 1696 230; x_wconf 82' lang='grc' dir='ltr'>εὖνομίην·</span> <span class='ocrx_word' id='word_1_11' title='bbox 1743 159 1855 213; x_wconf 86' lang='grc' dir='ltr'>Λυ-</span> 
     </span>
     <span class='ocr_line' id='line_1_4' title="bbox 250 237 1858 320; baseline 0.002 -22"><span class='ocrx_word' id='word_1_12' title='bbox 250 237 506 320; x_wconf 86' lang='grc' dir='ltr'>κούργου,</span> <span class='ocrx_word' id='word_1_13' title='bbox 532 242 643 300; x_wconf 83' lang='grc' dir='ltr'>τῶν</span> <span class='ocrx_word' id='word_1_14' title='bbox 671 241 1059 318; x_wconf 80' lang='grc' dir='ltr'>Σπαρτιητέων</span> <span class='ocrx_word' id='word_1_15' title='bbox 1084 240 1316 318; x_wconf 84' lang='grc' dir='ltr'>δοκίμου</span> <span class='ocrx_word' id='word_1_16' title='bbox 1348 239 1563 317; x_wconf 77' lang='grc' dir='ltr'>ἄνδρὸς,</span> <span class='ocrx_word' id='word_1_17' title='bbox 1593 239 1858 306; x_wconf 80' lang='grc' dir='ltr'>ἐλθόντος</span> 
     </span>
     <span class='ocr_line' id='line_1_5' title="bbox 251 326 1859 409; baseline 0.002 -23"><span class='ocrx_word' id='word_1_18' title='bbox 251 331 309 390; x_wconf 88' lang='grc' dir='ltr'>ἐς</span> <span class='ocrx_word' id='word_1_19' title='bbox 335 326 653 403; x_wconf 87' lang='grc' dir='ltr'>Δελφους’</span> <span class='ocrx_word' id='word_1_20' title='bbox 626 329 718 387; x_wconf 87' lang='grc' dir='ltr'>επὶ</span> <span class='ocrx_word' id='word_1_21' title='bbox 742 355 808 388; x_wconf 91' lang='grc' dir='ltr'>το</span> <span class='ocrx_word' id='word_1_22' title='bbox 836 328 1198 406; x_wconf 87' lang='grc' dir='ltr'>χρηστήριον,</span> <span class='ocrx_word' id='word_1_23' title='bbox 1226 327 1298 392; x_wconf 71' lang='grc' dir='ltr'>οἷς</span> <span class='ocrx_word' id='word_1_24' title='bbox 1330 326 1486 405; x_wconf 84' lang='grc' dir='ltr'>ἐσήῖε</span> <span class='ocrx_word' id='word_1_25' title='bbox 1512 332 1568 392; x_wconf 88' lang='grc' dir='ltr'>ἐς</span> <span class='ocrx_word' id='word_1_26' title='bbox 1591 354 1657 390; x_wconf 89' lang='grc' dir='ltr'>το</span> <span class='ocrx_word' id='word_1_27' title='bbox 1683 328 1859 409; x_wconf 81' lang='grc' dir='ltr'>μέγα·</span> 
     </span>
     <span class='ocr_line' id='line_1_6' title="bbox 247 413 1164 497; baseline 0.001 -23"><span class='ocrx_word' id='word_1_28' title='bbox 247 439 350 492; x_wconf 94' lang='grc' dir='ltr'>ρον</span> <span class='ocrx_word' id='word_1_29' title='bbox 376 413 595 478; x_wconf 76' lang='grc' dir='ltr'>εὐθυς</span> <span class='ocrx_word' id='word_1_30' title='bbox 557 440 595 491; x_wconf 88' lang='grc' dir='ltr'>η</span> <span class='ocrx_word' id='word_1_31' title='bbox 622 416 810 492; x_wconf 86' lang='grc' dir='ltr'>Πυθίη</span> <span class='ocrx_word' id='word_1_32' title='bbox 834 417 990 497; x_wconf 80' lang='grc' dir='ltr'>λέγει</span> <span class='ocrx_word' id='word_1_33' title='bbox 1013 415 1164 476; x_wconf 79' lang='grc' dir='ltr'>τάδε·</span> 
     </span>
    </p>
   </div>
   <div class='ocr_carea' id='block_1_3' title="bbox 340 544 1669 835">
    <p class='ocr_par' dir='ltr' id='par_1_3' title="bbox 340 544 1597 753">
     <span class='ocr_line' id='line_1_7' title="bbox 340 544 1529 608; baseline 0.003 -16"><span class='ocrx_word' id='word_1_34' title='bbox 340 544 526 604; x_wconf 80' lang='grc' dir='ltr'>Ἥκεις,</span> <span class='ocrx_word' id='word_1_35' title='bbox 567 545 608 592; x_wconf 79' lang='grc' dir='ltr'><em>ὦ</em></span> <span class='ocrx_word' id='word_1_36' title='bbox 638 544 900 608; x_wconf 79' lang='grc' dir='ltr'>Λυκόοργε,</span> <span class='ocrx_word' id='word_1_37' title='bbox 941 547 1052 605; x_wconf 77' lang='grc' dir='ltr'>ἐμὸν</span> <span class='ocrx_word' id='word_1_38' title='bbox 1085 546 1200 594; x_wconf 80' lang='grc' dir='ltr'>ποτὶ</span> <span class='ocrx_word' id='word_1_39' title='bbox 1232 546 1374 596; x_wconf 82' lang='grc' dir='ltr'>πίονα</span> <span class='ocrx_word' id='word_1_40' title='bbox 1404 547 1529 608; x_wconf 86' lang='grc' dir='ltr'>νηὸν,</span> 
     </span>
     <span class='ocr_line' id='line_1_8' title="bbox 347 617 1597 680; baseline 0.005 -16"><span class='ocrx_word' id='word_1_41' title='bbox 347 617 461 675; x_wconf 76' lang='grc' dir='ltr'>Ζηνὶ</span> <span class='ocrx_word' id='word_1_42' title='bbox 493 617 632 677; x_wconf 82' lang='grc' dir='ltr'>φίλος</span> <span class='ocrx_word' id='word_1_43' title='bbox 664 618 744 665; x_wconf 79' lang='grc' dir='ltr'>καὶ</span> <span class='ocrx_word' id='word_1_44' title='bbox 776 619 926 667; x_wconf 78' lang='grc' dir='ltr'>πᾶσιν</span> <span class='ocrx_word' id='word_1_45' title='bbox 957 619 1172 677; x_wconf 82' lang='grc' dir='ltr'>ὀλύμπια</span> <span class='ocrx_word' id='word_1_46' title='bbox 1206 618 1384 678; x_wconf 83' lang='grc' dir='ltr'>δώματ’</span> <span class='ocrx_word' id='word_1_47' title='bbox 1416 621 1597 680; x_wconf 74' lang='grc' dir='ltr'>ἔχουσι.</span> 
     </span>
     <span class='ocr_line' id='line_1_9' title="bbox 349 687 1496 753; baseline 0.003 -18"><span class='ocrx_word' id='word_1_48' title='bbox 349 687 458 745; x_wconf 66' lang='grc' dir='ltr'>διζῶ</span> <span class='ocrx_word' id='word_1_49' title='bbox 492 688 527 746; x_wconf 78' lang='grc' dir='ltr'><em>ἤ</em></span> <span class='ocrx_word' id='word_1_50' title='bbox 557 705 616 737; x_wconf 86' lang='grc' dir='ltr'>σε</span> <span class='ocrx_word' id='word_1_51' title='bbox 651 689 757 738; x_wconf 83' lang='grc' dir='ltr'>θεὸν</span> <span class='ocrx_word' id='word_1_52' title='bbox 787 691 1126 749; x_wconf 78' lang='grc' dir='ltr'>μαντεύσομαι,</span> <span class='ocrx_word' id='word_1_53' title='bbox 1164 689 1198 749; x_wconf 88' lang='grc' dir='ltr'><em>ἢ</em></span> <span class='ocrx_word' id='word_1_54' title='bbox 1233 692 1496 753; x_wconf 76' lang='grc' dir='ltr'>ἄνθρωπον·</span> 
     </span>
    </p>

    <p class='ocr_par' dir='ltr' id='par_1_4' title="bbox 347 758 1669 835">
     <span class='ocr_line' id='line_1_10' title="bbox 347 758 1669 835; baseline 0.005 -28"><span class='ocrx_word' id='word_1_55' title='bbox 347 758 460 807; x_wconf 78' lang='grc' dir='ltr'>ἀλλ’</span> <span class='ocrx_word' id='word_1_56' title='bbox 496 760 569 807; x_wconf 79' lang='grc' dir='ltr'>ἔτι</span> <span class='ocrx_word' id='word_1_57' title='bbox 600 761 683 808; x_wconf 80' lang='grc' dir='ltr'>καὶ</span> <span class='ocrx_word' id='word_1_58' title='bbox 711 761 904 835; x_wconf 72' lang='grc' dir='ltr'>μᾶλλον</span> <span class='ocrx_word' id='word_1_59' title='bbox 937 763 1044 811; x_wconf 86' lang='grc' dir='ltr'>θεὸν</span> <span class='ocrx_word' id='word_1_60' title='bbox 1076 763 1304 823; x_wconf 75' lang='grc' dir='ltr'>ἔλπομαι,</span> <span class='ocrx_word' id='word_1_61' title='bbox 1341 762 1382 810; x_wconf 76' lang='grc' dir='ltr'><em>ὦ</em></span> <span class='ocrx_word' id='word_1_62' title='bbox 1410 762 1669 826; x_wconf 73' lang='grc' dir='ltr'>Λυκόοργε.</span> 
     </span>
    </p>
   </div>
   <div class='ocr_carea' id='block_1_4' title="bbox 248 870 1855 1684">
    <p class='ocr_par' dir='ltr' id='par_1_5' title="bbox 248 870 1855 1652">
     <span class='ocr_line' id='line_1_11' title="bbox 252 870 1855 955; baseline 0.003 -26"><span class='ocrx_word' id='word_1_63' title='bbox 252 872 307 929; x_wconf 79' lang='grc' dir='ltr'>οἳ</span> <span class='ocrx_word' id='word_1_64' title='bbox 343 872 448 948; x_wconf 82' lang='grc' dir='ltr'>μὲν</span> <span class='ocrx_word' id='word_1_65' title='bbox 482 870 552 947; x_wconf 82' lang='grc' dir='ltr'>δή</span> <span class='ocrx_word' id='word_1_66' title='bbox 585 896 729 936; x_wconf 89' lang='grc' dir='ltr'>τινες</span> <span class='ocrx_word' id='word_1_67' title='bbox 766 870 906 950; x_wconf 82' lang='grc' dir='ltr'>πρός</span> <span class='ocrx_word' id='word_1_68' title='bbox 943 871 1195 934; x_wconf 87' lang='grc' dir='ltr'>τούτοισι</span> <span class='ocrx_word' id='word_1_69' title='bbox 1229 874 1467 955; x_wconf 80' lang='grc' dir='ltr'>λέγουσι</span> <span class='ocrx_word' id='word_1_70' title='bbox 1506 873 1599 933; x_wconf 88' lang='grc' dir='ltr'>καὶ</span> <span class='ocrx_word' id='word_1_71' title='bbox 1633 872 1855 951; x_wconf 81' lang='grc' dir='ltr'>φράσαι</span> 
     </span>
     <span class='ocr_line' id='line_1_12' title="bbox 251 956 1854 1039; baseline 0.004 -23"><span class='ocrx_word' id='word_1_72' title='bbox 251 956 400 1037; x_wconf 77' lang='grc' dir='ltr'>αὐτῷ</span> <span class='ocrx_word' id='word_1_73' title='bbox 421 958 526 1035; x_wconf 72' lang='grc' dir='ltr'>τήν</span> <span class='ocrx_word' id='word_1_74' title='bbox 553 959 777 1037; x_wconf 88' lang='grc' dir='ltr'>Πυθίην</span> <span class='ocrx_word' id='word_1_75' title='bbox 800 960 899 1021; x_wconf 83' lang='grc' dir='ltr'>τόν</span> <span class='ocrx_word' id='word_1_76' title='bbox 923 964 1021 1021; x_wconf 80' lang='grc' dir='ltr'>νῦν</span> <span class='ocrx_word' id='word_1_77' title='bbox 1047 965 1396 1021; x_wconf 80' lang='grc' dir='ltr'>κατεστεῶτα</span> <span class='ocrx_word' id='word_1_78' title='bbox 1421 959 1640 1038; x_wconf 82' lang='grc' dir='ltr'>κόσμον</span> <span class='ocrx_word' id='word_1_79' title='bbox 1664 963 1854 1039; x_wconf 81' lang='grc' dir='ltr'>Σπαρ-</span> 
     </span>
     <span class='ocr_line' id='line_1_13' title="bbox 248 1044 1851 1129; baseline 0.003 -24"><span class='ocrx_word' id='word_1_80' title='bbox 248 1044 493 1126; x_wconf 84' lang='grc' dir='ltr'>τιήτῃσι·</span> <span class='ocrx_word' id='word_1_81' title='bbox 527 1046 599 1111; x_wconf 79' lang='grc' dir='ltr'>ὦς</span> <span class='ocrx_word' id='word_1_82' title='bbox 624 1046 670 1107; x_wconf 84' lang='grc' dir='ltr'>δ’</span> <span class='ocrx_word' id='word_1_83' title='bbox 696 1047 853 1109; x_wconf 76' lang='grc' dir='ltr'>αὐτοὶ</span> <span class='ocrx_word' id='word_1_84' title='bbox 876 1047 1305 1126; x_wconf 87' lang='grc' dir='ltr'>Λακεδαιμόνιοι</span> <span class='ocrx_word' id='word_1_85' title='bbox 1329 1048 1582 1129; x_wconf 86' lang='grc' dir='ltr'>λέγουσι,</span> <span class='ocrx_word' id='word_1_86' title='bbox 1603 1054 1851 1127; x_wconf 81' lang='grc' dir='ltr'>Λυκοῦρ-</span> 
     </span>
     <span class='ocr_line' id='line_1_14' title="bbox 248 1134 1854 1216; baseline 0.002 -22"><span class='ocrx_word' id='word_1_87' title='bbox 248 1159 355 1215; x_wconf 84' lang='grc' dir='ltr'>γον</span> <span class='ocrx_word' id='word_1_88' title='bbox 419 1134 895 1212; x_wconf 78' lang='grc' dir='ltr'>ἐπιτροπεύσαντα</span> <span class='ocrx_word' id='word_1_89' title='bbox 955 1135 1292 1212; x_wconf 77' lang='grc' dir='ltr'>Λεωβώτεω,</span> <span class='ocrx_word' id='word_1_90' title='bbox 1357 1134 1690 1212; x_wconf 78' lang='grc' dir='ltr'>ἀδελφιδέου</span> <span class='ocrx_word' id='word_1_91' title='bbox 1746 1139 1854 1216; x_wconf 79' lang='grc' dir='ltr'>μὲν</span> 
     </span>
     <span class='ocr_line' id='line_1_15' title="bbox 254 1222 1855 1303; baseline 0.002 -21"><span class='ocrx_word' id='word_1_92' title='bbox 254 1225 456 1283; x_wconf 76' lang='grc' dir='ltr'>ἑωυτοῦ</span> <span class='ocrx_word' id='word_1_93' title='bbox 497 1222 904 1300; x_wconf 78' lang='grc' dir='ltr'>βασιλεύοντος</span> <span class='ocrx_word' id='word_1_94' title='bbox 947 1224 1009 1284; x_wconf 83' lang='grc' dir='ltr'>δὲ</span> <span class='ocrx_word' id='word_1_95' title='bbox 1059 1225 1462 1301; x_wconf 80' lang='grc' dir='ltr'>Σπαρτιητέων,</span> <span class='ocrx_word' id='word_1_96' title='bbox 1512 1228 1573 1284; x_wconf 91' lang='grc' dir='ltr'>ἐκ</span> <span class='ocrx_word' id='word_1_97' title='bbox 1624 1224 1855 1303; x_wconf 80' lang='grc' dir='ltr'>Κρήτης</span> 
     </span>
     <span class='ocr_line' id='line_1_16' title="bbox 250 1309 1850 1392; baseline 0.001 -22"><span class='ocrx_word' id='word_1_98' title='bbox 250 1309 567 1392; x_wconf 76' lang='grc' dir='ltr'>ἀγαγέσθαι</span> <span class='ocrx_word' id='word_1_99' title='bbox 609 1314 805 1371; x_wconf 79' lang='grc' dir='ltr'>ταῦτα.</span> <span class='ocrx_word' id='word_1_100' title='bbox 887 1309 961 1375; x_wconf 78' lang='grc' dir='ltr'>ὥς</span> <span class='ocrx_word' id='word_1_101' title='bbox 1008 1310 1121 1392; x_wconf 71' lang='grc' dir='ltr'>γσῖρ</span> <span class='ocrx_word' id='word_1_102' title='bbox 1168 1310 1540 1388; x_wconf 79' lang='grc' dir='ltr'>ἐπετρόπευσε</span> <span class='ocrx_word' id='word_1_103' title='bbox 1586 1311 1850 1392; x_wconf 77' lang='grc' dir='ltr'>τάχιστα,</span> 
     </span>
     <span class='ocr_line' id='line_1_17' title="bbox 248 1396 1850 1477; baseline 0.002 -20"><span class='ocrx_word' id='word_1_104' title='bbox 248 1399 563 1474; x_wconf 88' lang='grc' dir='ltr'>μετέστησε</span> <span class='ocrx_word' id='word_1_105' title='bbox 590 1396 664 1458; x_wconf 83' lang='grc' dir='ltr'>τοὶ</span> <span class='ocrx_word' id='word_1_106' title='bbox 690 1397 900 1476; x_wconf 87' lang='grc' dir='ltr'>νόμιμα</span> <span class='ocrx_word' id='word_1_107' title='bbox 930 1397 1132 1468; x_wconf 81' lang='grc' dir='ltr'>πάντα,</span> <span class='ocrx_word' id='word_1_108' title='bbox 1161 1399 1254 1457; x_wconf 86' lang='grc' dir='ltr'>καὶ</span> <span class='ocrx_word' id='word_1_109' title='bbox 1286 1398 1533 1475; x_wconf 80' lang='grc' dir='ltr'>ἐφύλαξε</span> <span class='ocrx_word' id='word_1_110' title='bbox 1562 1403 1738 1460; x_wconf 82' lang='grc' dir='ltr'>ταῦτα</span> <span class='ocrx_word' id='word_1_111' title='bbox 1766 1401 1850 1477; x_wconf 78' lang='grc' dir='ltr'>μή</span> 
     </span>
     <span class='ocr_line' id='line_1_18' title="bbox 250 1485 1849 1566; baseline 0.003 -23"><span class='ocrx_word' id='word_1_112' title='bbox 250 1485 639 1563; x_wconf 86' lang='grc' dir='ltr'>παραβαίνειν·</span> <span class='ocrx_word' id='word_1_113' title='bbox 681 1485 829 1561; x_wconf 75' lang='grc' dir='ltr'>μετὰ</span> <span class='ocrx_word' id='word_1_114' title='bbox 849 1485 925 1556; x_wconf 83' lang='grc' dir='ltr'>δὲ,</span> <span class='ocrx_word' id='word_1_115' title='bbox 950 1485 1023 1546; x_wconf 82' lang='grc' dir='ltr'>τοὶ</span> <span class='ocrx_word' id='word_1_116' title='bbox 1050 1491 1107 1550; x_wconf 89' lang='grc' dir='ltr'>ἐς</span> <span class='ocrx_word' id='word_1_117' title='bbox 1129 1486 1436 1563; x_wconf 77' lang='grc' dir='ltr'>πόλεμον”’</span> <span class='ocrx_word' id='word_1_118' title='bbox 1406 1512 1622 1566; x_wconf 88' lang='grc' dir='ltr'>εχοντα,</span> <span class='ocrx_word' id='word_1_119' title='bbox 1651 1492 1849 1565; x_wconf 88' lang='grc' dir='ltr'>ἐνωμο-</span> 
     </span>
     <span class='ocr_line' id='line_1_19' title="bbox 249 1572 1852 1684; baseline 0.002 -51"><span class='ocrx_word' id='word_1_120' title='bbox 249 1572 372 1636; x_wconf 87' lang='grc' dir='ltr'>τίας</span> <span class='ocrx_word' id='word_1_121' title='bbox 410 1573 502 1631; x_wconf 87' lang='grc' dir='ltr'>καὶ</span> <span class='ocrx_word' id='word_1_122' title='bbox 536 1572 844 1684; x_wconf 82' lang='grc' dir='ltr'>τριηκάδας</span> <span class='ocrx_word' id='word_1_123' title='bbox 866 1572 960 1633; x_wconf 86' lang='grc' dir='ltr'>καὶ</span> <span class='ocrx_word' id='word_1_124' title='bbox 995 1575 1284 1644; x_wconf 88' lang='grc' dir='ltr'>συσσίτια,</span> <span class='ocrx_word' id='word_1_125' title='bbox 1321 1574 1461 1652; x_wconf 90' lang='grc' dir='ltr'>πρός</span> <span class='ocrx_word' id='word_1_126' title='bbox 1497 1599 1562 1635; x_wconf 90' lang='grc' dir='ltr'>τε</span> <span class='ocrx_word' id='word_1_127' title='bbox 1597 1574 1852 1637; x_wconf 88' lang='grc' dir='ltr'>τούτοισι</span> 
     </span>
    </p>
   </div>
   <div class='ocr_carea' id='block_1_5' title="bbox 158 1659 1872 1834">
    <p class='ocr_par' dir='ltr' id='par_1_6' title="bbox 158 1659 1872 1834">
     <span class='ocr_line' id='line_1_20' title="bbox 158 1659 1852 1744; baseline 0.002 -24"><span class='ocrx_word' id='word_1_128' title='bbox 158 1660 234 1720; x_wconf 90' lang='grc'>66</span> <span class='ocrx_word' id='word_1_129' title='bbox 253 1685 382 1724; x_wconf 91' lang='grc' dir='ltr'>τους</span> <span class='ocrx_word' id='word_1_130' title='bbox 401 1659 638 1737; x_wconf 88' lang='grc' dir='ltr'>ἐφόρους</span> <span class='ocrx_word' id='word_1_131' title='bbox 662 1660 755 1721; x_wconf 88' lang='grc' dir='ltr'>καὶ</span> <span class='ocrx_word' id='word_1_132' title='bbox 773 1661 1038 1741; x_wconf 87' lang='grc' dir='ltr'>γέροντας</span> <span class='ocrx_word' id='word_1_133' title='bbox 1063 1664 1272 1738; x_wconf 80' lang='grc' dir='ltr'>ἔστησε</span> <span class='ocrx_word' id='word_1_134' title='bbox 1292 1665 1631 1744; x_wconf 84' lang='grc' dir='ltr'>Λυκοῦργος.</span> <span class='ocrx_word' id='word_1_135' title='bbox 1689 1663 1852 1725; x_wconf 78' lang='grc' dir='ltr'>Οὕτω</span> 
     </span>
     <span class='ocr_line' id='line_1_21' title="bbox 250 1747 1872 1834; baseline 0.002 -25"><span class='ocrx_word' id='word_1_136' title='bbox 250 1774 355 1826; x_wconf 89' lang='grc' dir='ltr'>μεν</span> <span class='ocrx_word' id='word_1_137' title='bbox 390 1747 808 1826; x_wconf 87' lang='grc' dir='ltr'>μεταβαλόντες</span> <span class='ocrx_word' id='word_1_138' title='bbox 847 1748 1254 1828; x_wconf 74' lang='grc' dir='ltr'>εὐνομήθησαν.</span> <span class='ocrx_word' id='word_1_139' title='bbox 1334 1753 1412 1829; x_wconf 79' lang='grc' dir='ltr'>τῷ</span> <span class='ocrx_word' id='word_1_140' title='bbox 1448 1750 1509 1810; x_wconf 86' lang='grc' dir='ltr'>δὲ</span> <span class='ocrx_word' id='word_1_141' title='bbox 1548 1751 1872 1834; x_wconf 78' lang='grc' dir='ltr'>Λυκούργῳ,</span> 
     </span>
    </p>
   </div>
   <div class='ocr_carea' id='block_1_6' title="bbox 250 1835 1864 3304">
    <p class='ocr_par' dir='ltr' id='par_1_7' title="bbox 250 1835 1855 2443">
     <span class='ocr_line' id='line_1_22' title="bbox 250 1835 1852 1920; baseline 0.003 -24"><span class='ocrx_word' id='word_1_142' title='bbox 250 1835 692 1913; x_wconf 72' lang='grc' dir='ltr'>τελειηήσαντι“</span> <span class='ocrx_word' id='word_1_143' title='bbox 675 1836 794 1913; x_wconf 82' lang='grc' dir='ltr'>ιρόν</span> <span class='ocrx_word' id='word_1_144' title='bbox 813 1836 1113 1916; x_wconf 74' lang='grc' dir='ltr'>εἶσαμενοι,</span> <span class='ocrx_word' id='word_1_145' title='bbox 1134 1838 1403 1914; x_wconf 86' lang='grc' dir='ltr'>σέβονται</span> <span class='ocrx_word' id='word_1_146' title='bbox 1429 1839 1704 1920; x_wconf 76' lang='grc' dir='ltr'>μεγάλως.</span> <span class='ocrx_word' id='word_1_147' title='bbox 1758 1840 1852 1901; x_wconf 81' lang='grc' dir='ltr'>οἷα</span> 
     </span>
     <span class='ocr_line' id='line_1_23' title="bbox 252 1922 1849 2008; baseline 0.004 -25"><span class='ocrx_word' id='word_1_148' title='bbox 252 1924 314 1983; x_wconf 85' lang='grc' dir='ltr'>δὲ</span> <span class='ocrx_word' id='word_1_149' title='bbox 339 1924 397 1984; x_wconf 82' lang='grc' dir='ltr'>ἔν</span> <span class='ocrx_word' id='word_1_150' title='bbox 418 1949 481 1986; x_wconf 92' lang='grc' dir='ltr'>τε</span> <span class='ocrx_word' id='word_1_151' title='bbox 505 1922 659 2003; x_wconf 79' lang='grc' dir='ltr'>χώρῃ</span> <span class='ocrx_word' id='word_1_152' title='bbox 685 1923 888 2005; x_wconf 76' lang='grc' dir='ltr'>ἀγαθῇ,</span> <span class='ocrx_word' id='word_1_153' title='bbox 915 1926 1009 1985; x_wconf 88' lang='grc' dir='ltr'>καὶ</span> <span class='ocrx_word' id='word_1_154' title='bbox 1031 1925 1241 2001; x_wconf 82' lang='grc' dir='ltr'>πλήθεϊ</span> <span class='ocrx_word' id='word_1_155' title='bbox 1264 1924 1364 1985; x_wconf 80' lang='grc' dir='ltr'>οὐκ</span> <span class='ocrx_word' id='word_1_156' title='bbox 1390 1925 1596 2008; x_wconf 82' lang='grc' dir='ltr'>ὀλίγων</span> <span class='ocrx_word' id='word_1_157' title='bbox 1620 1927 1849 2005; x_wconf 72' lang='grc' dir='ltr'>ἀνδρῶν,</span> 
     </span>
     <span class='ocr_line' id='line_1_24' title="bbox 252 2010 1850 2094; baseline 0.004 -23"><span class='ocrx_word' id='word_1_158' title='bbox 252 2010 360 2072; x_wconf 80' lang='grc' dir='ltr'>ἆνα</span> <span class='ocrx_word' id='word_1_159' title='bbox 381 2037 445 2073; x_wconf 90' lang='grc' dir='ltr'>τε</span> <span class='ocrx_word' id='word_1_160' title='bbox 470 2012 707 2089; x_wconf 81' lang='grc' dir='ltr'>ἔδραμον</span> <span class='ocrx_word' id='word_1_161' title='bbox 731 2012 928 2073; x_wconf 73' lang='grc' dir='ltr'>αὐτίκα</span> <span class='ocrx_word' id='word_1_162' title='bbox 950 2013 1044 2073; x_wconf 82' lang='grc' dir='ltr'>καὶ</span> <span class='ocrx_word' id='word_1_163' title='bbox 1070 2011 1474 2090; x_wconf 83' lang='grc' dir='ltr'>εὖθηνήθησαν·</span> <span class='ocrx_word' id='word_1_164' title='bbox 1516 2016 1609 2074; x_wconf 87' lang='grc' dir='ltr'>καὶ</span> <span class='ocrx_word' id='word_1_165' title='bbox 1640 2015 1710 2092; x_wconf 90' lang='grc' dir='ltr'>δή</span> <span class='ocrx_word' id='word_1_166' title='bbox 1736 2022 1850 2094; x_wconf 89' lang='grc' dir='ltr'>σφι</span> 
     </span>
     <span class='ocr_line' id='line_1_25' title="bbox 253 2098 1853 2183; baseline 0.005 -25"><span class='ocrx_word' id='word_1_167' title='bbox 253 2098 436 2160; x_wconf 74' lang='grc' dir='ltr'>οὐκέτι</span> <span class='ocrx_word' id='word_1_168' title='bbox 455 2098 675 2179; x_wconf 71' lang='grc' dir='ltr'>ἀπέχρα</span> <span class='ocrx_word' id='word_1_169' title='bbox 692 2099 936 2179; x_wconf 76' lang='grc' dir='ltr'>ἡσυχίην</span> <span class='ocrx_word' id='word_1_170' title='bbox 954 2098 1128 2183; x_wconf 69' lang='grc' dir='ltr'>ἄγειν,</span> <span class='ocrx_word' id='word_1_171' title='bbox 1149 2098 1306 2161; x_wconf 74' lang='grc' dir='ltr'>ἀλλὰ</span> <span class='ocrx_word' id='word_1_172' title='bbox 1325 2102 1853 2180; x_wconf 84' lang='grc' dir='ltr'>καταφρονήσαντες</span> 
     </span>
     <span class='ocr_line' id='line_1_26' title="bbox 252 2185 1855 2268; baseline 0.004 -21"><span class='ocrx_word' id='word_1_173' title='bbox 252 2185 535 2265; x_wconf 80' lang='grc' dir='ltr'>Ἀρκάδων</span> <span class='ocrx_word' id='word_1_174' title='bbox 567 2188 867 2266; x_wconf 88' lang='grc' dir='ltr'>κρέσσονες</span> <span class='ocrx_word' id='word_1_175' title='bbox 899 2188 1055 2259; x_wconf 76' lang='grc' dir='ltr'>εἶναι,</span> <span class='ocrx_word' id='word_1_176' title='bbox 1083 2189 1584 2268; x_wconf 72' lang='grc' dir='ltr'>ἐχρηστηριάζοντο</span> <span class='ocrx_word' id='word_1_177' title='bbox 1619 2197 1679 2252; x_wconf 93' lang='grc' dir='ltr'>ἐν</span> <span class='ocrx_word' id='word_1_178' title='bbox 1705 2197 1855 2253; x_wconf 88' lang='grc' dir='ltr'>Δελ-</span> 
     </span>
     <span class='ocr_line' id='line_1_27' title="bbox 255 2274 1852 2359; baseline 0.004 -25"><span class='ocrx_word' id='word_1_179' title='bbox 255 2278 423 2351; x_wconf 84' lang='grc' dir='ltr'>φοῖσι</span> <span class='ocrx_word' id='word_1_180' title='bbox 449 2276 541 2335; x_wconf 85' lang='grc' dir='ltr'>ἐπὶ</span> <span class='ocrx_word' id='word_1_181' title='bbox 570 2274 730 2357; x_wconf 81' lang='grc' dir='ltr'>πάσῃ</span> <span class='ocrx_word' id='word_1_182' title='bbox 753 2279 826 2356; x_wconf 81' lang='grc' dir='ltr'>τῇ</span> <span class='ocrx_word' id='word_1_183' title='bbox 849 2274 1131 2355; x_wconf 80' lang='grc' dir='ltr'>Ἀρκάδων</span> <span class='ocrx_word' id='word_1_184' title='bbox 1152 2275 1328 2357; x_wconf 80' lang='grc' dir='ltr'>χώρῃ·</span> <span class='ocrx_word' id='word_1_185' title='bbox 1368 2277 1407 2354; x_wconf 82' lang='grc' dir='ltr'><em>ἦ</em></span> <span class='ocrx_word' id='word_1_186' title='bbox 1434 2278 1494 2338; x_wconf 81' lang='grc' dir='ltr'>δὲ</span> <span class='ocrx_word' id='word_1_187' title='bbox 1526 2280 1713 2358; x_wconf 88' lang='grc' dir='ltr'>Πυθίη</span> <span class='ocrx_word' id='word_1_188' title='bbox 1738 2286 1852 2359; x_wconf 90' lang='grc' dir='ltr'>σφι</span> 
     </span>
     <span class='ocr_line' id='line_1_28' title="bbox 252 2363 628 2443; baseline 0.003 -21"><span class='ocrx_word' id='word_1_189' title='bbox 252 2366 368 2443; x_wconf 74' lang='grc' dir='ltr'>χρᾷ</span> <span class='ocrx_word' id='word_1_190' title='bbox 390 2363 541 2423; x_wconf 83' lang='grc' dir='ltr'>τάδε·</span> <span class='ocrx_word' id='word_1_191' title='bbox 621 2399 628 2405; x_wconf 94' lang='grc'>-</span> 
     </span>
    </p>

    <p class='ocr_par' dir='ltr' id='par_1_8' title="bbox 343 2481 1697 2544">
     <span class='ocr_line' id='line_1_29' title="bbox 343 2481 1697 2544; baseline 0.004 -14"><span class='ocrx_word' id='word_1_192' title='bbox 343 2481 604 2544; x_wconf 80' lang='grc' dir='ltr'>Ἀρκαδίην</span> <span class='ocrx_word' id='word_1_193' title='bbox 633 2481 684 2541; x_wconf 86' lang='grc' dir='ltr'>μ’</span> <span class='ocrx_word' id='word_1_194' title='bbox 715 2483 888 2544; x_wconf 80' lang='grc' dir='ltr'>αἰτεῖς;</span> <span class='ocrx_word' id='word_1_195' title='bbox 920 2482 1053 2544; x_wconf 78' lang='grc' dir='ltr'>μέγα</span> <span class='ocrx_word' id='word_1_196' title='bbox 1083 2481 1140 2541; x_wconf 85' lang='grc' dir='ltr'>μ’</span> <span class='ocrx_word' id='word_1_197' title='bbox 1170 2483 1333 2533; x_wconf 80' lang='grc' dir='ltr'>αἰτεῖς·</span> <span class='ocrx_word' id='word_1_198' title='bbox 1370 2485 1427 2533; x_wconf 80' lang='grc' dir='ltr'>οὔ</span> <span class='ocrx_word' id='word_1_199' title='bbox 1446 2503 1522 2534; x_wconf 89' lang='grc' dir='ltr'>τοι</span> <span class='ocrx_word' id='word_1_200' title='bbox 1544 2483 1697 2537; x_wconf 75' lang='grc' dir='ltr'>δώσω.</span> 
     </span>
    </p>

    <p class='ocr_par' dir='ltr' id='par_1_9' title="bbox 353 2554 1590 2619">
     <span class='ocr_line' id='line_1_30' title="bbox 353 2554 1590 2619; baseline 0.005 -18"><span class='ocrx_word' id='word_1_201' title='bbox 353 2555 530 2603; x_wconf 83' lang='grc' dir='ltr'>πολλοὶ</span> <span class='ocrx_word' id='word_1_202' title='bbox 562 2556 611 2603; x_wconf 83' lang='grc' dir='ltr'>ἐν</span> <span class='ocrx_word' id='word_1_203' title='bbox 636 2554 868 2616; x_wconf 80' lang='grc' dir='ltr'>’Δρκαδίῃ</span> <span class='ocrx_word' id='word_1_204' title='bbox 897 2555 1246 2617; x_wconf 80' lang='grc' dir='ltr'>βαλανηφάγοι</span> <span class='ocrx_word' id='word_1_205' title='bbox 1279 2555 1441 2619; x_wconf 76' lang='grc' dir='ltr'>ἄνδρες</span> <span class='ocrx_word' id='word_1_206' title='bbox 1467 2559 1590 2618; x_wconf 80' lang='grc' dir='ltr'>ἔασι,</span> 
     </span>
    </p>

    <p class='ocr_par' dir='ltr' id='par_1_10' title="bbox 354 2625 1719 2692">
     <span class='ocr_line' id='line_1_31' title="bbox 354 2625 1719 2692; baseline 0.004 -19"><span class='ocrx_word' id='word_1_207' title='bbox 354 2626 403 2672; x_wconf 78' lang='grc' dir='ltr'>οἵ</span> <span class='ocrx_word' id='word_1_208' title='bbox 431 2625 480 2674; x_wconf 91' lang='grc' dir='ltr'>σ’</span> <span class='ocrx_word' id='word_1_209' title='bbox 516 2627 926 2674; x_wconf 78' lang='grc' dir='ltr'>ἀποκωλύσουσιν.</span> <span class='ocrx_word' id='word_1_210' title='bbox 994 2627 1094 2686; x_wconf 75' lang='grc' dir='ltr'>ἐγὼ</span> <span class='ocrx_word' id='word_1_211' title='bbox 1128 2627 1181 2674; x_wconf 86' lang='grc' dir='ltr'>δέ</span> <span class='ocrx_word' id='word_1_212' title='bbox 1211 2644 1288 2675; x_wconf 89' lang='grc' dir='ltr'>τοι</span> <span class='ocrx_word' id='word_1_213' title='bbox 1320 2630 1377 2676; x_wconf 80' lang='grc' dir='ltr'>οὔ</span> <span class='ocrx_word' id='word_1_214' title='bbox 1406 2646 1457 2676; x_wconf 89' lang='grc' dir='ltr'>τι</span> <span class='ocrx_word' id='word_1_215' title='bbox 1486 2627 1719 2692; x_wconf 79' lang='grc' dir='ltr'>μεγαίρω·</span> 
     </span>
    </p>

    <p class='ocr_par' dir='ltr' id='par_1_11' title="bbox 296 2697 1519 2761">
     <span class='ocr_line' id='line_1_32' title="bbox 296 2697 1519 2761; baseline 0.007 -20"><span class='ocrx_word' id='word_1_216' title='bbox 296 2736 301 2741; x_wconf 80' lang='lat'>.</span> <span class='ocrx_word' id='word_1_217' title='bbox 354 2697 492 2745; x_wconf 84' lang='grc' dir='ltr'>δώσω</span> <span class='ocrx_word' id='word_1_218' title='bbox 523 2714 599 2745; x_wconf 89' lang='grc' dir='ltr'>τοι</span> <span class='ocrx_word' id='word_1_219' title='bbox 631 2697 815 2756; x_wconf 76' lang='grc' dir='ltr'>Τεγέην</span> <span class='ocrx_word' id='word_1_220' title='bbox 847 2697 1167 2758; x_wconf 81' lang='grc' dir='ltr'>ποσσίκροτον</span> <span class='ocrx_word' id='word_1_221' title='bbox 1198 2699 1519 2761; x_wconf 80' lang='grc' dir='ltr'>ὀρχήσασθαι,</span> 
     </span>
    </p>

    <p class='ocr_par' dir='ltr' id='par_1_12' title="bbox 257 2768 1864 3304">
     <span class='ocr_line' id='line_1_33' title="bbox 355 2768 1478 2832; baseline 0.004 -16"><span class='ocrx_word' id='word_1_222' title='bbox 355 2772 436 2816; x_wconf 80' lang='grc' dir='ltr'>καὶ</span> <span class='ocrx_word' id='word_1_223' title='bbox 468 2770 616 2818; x_wconf 83' lang='grc' dir='ltr'>καλὸν</span> <span class='ocrx_word' id='word_1_224' title='bbox 648 2768 809 2816; x_wconf 79' lang='grc' dir='ltr'>πεδίον</span> <span class='ocrx_word' id='word_1_225' title='bbox 840 2768 1019 2829; x_wconf 78' lang='grc' dir='ltr'>σχοίνῳ</span> <span class='ocrx_word' id='word_1_226' title='bbox 1051 2770 1478 2832; x_wconf 81' lang='grc' dir='ltr'>διαμετρήσασθαι.</span> 
     </span>
     <span class='ocr_line' id='line_1_34' title="bbox 257 2865 1859 2950; baseline 0.006 -26"><span class='ocrx_word' id='word_1_227' title='bbox 257 2869 445 2925; x_wconf 81' lang='grc' dir='ltr'>Ταῦτα</span> <span class='ocrx_word' id='word_1_228' title='bbox 485 2865 556 2929; x_wconf 80' lang='grc' dir='ltr'>ὦς</span> <span class='ocrx_word' id='word_1_229' title='bbox 595 2865 988 2946; x_wconf 71' lang='grc' dir='ltr'>ἀπενειχθέντα</span> <span class='ocrx_word' id='word_1_230' title='bbox 1026 2866 1279 2945; x_wconf 78' lang='grc' dir='ltr'>ἥκουσαν</span> <span class='ocrx_word' id='word_1_231' title='bbox 1318 2873 1373 2931; x_wconf 78' lang='grc' dir='ltr'>οἱ</span> <span class='ocrx_word' id='word_1_232' title='bbox 1410 2871 1859 2950; x_wconf 85' lang='grc' dir='ltr'>Λακεδαιμόνιοι,</span> 
     </span>
     <span class='ocr_line' id='line_1_35' title="bbox 257 2951 1861 3037; baseline 0.007 -26.118"><span class='ocrx_word' id='word_1_233' title='bbox 257 2951 539 3029; x_wconf 82' lang='grc' dir='ltr'>Ἀρκάδων</span> <span class='ocrx_word' id='word_1_234' title='bbox 575 2955 680 3029; x_wconf 79' lang='grc' dir='ltr'>μὲν</span> <span class='ocrx_word' id='word_1_235' title='bbox 720 2958 831 3014; x_wconf 83' lang='grc' dir='ltr'>τῶν</span> <span class='ocrx_word' id='word_1_236' title='bbox 876 2953 1068 3017; x_wconf 74' lang='grc' dir='ltr'>ἄλλων</span> <span class='ocrx_word' id='word_1_237' title='bbox 1109 2956 1422 3037; x_wconf 77' lang='grc' dir='ltr'>ἀπείχοντο·</span> <span class='ocrx_word' id='word_1_238' title='bbox 1473 2962 1527 3019; x_wconf 75' lang='grc' dir='ltr'>οἱ</span> <span class='ocrx_word' id='word_1_239' title='bbox 1573 2960 1648 3031; x_wconf 82' lang='grc' dir='ltr'>δὲ,</span> <span class='ocrx_word' id='word_1_240' title='bbox 1689 2962 1861 3028; x_wconf 83' lang='grc' dir='ltr'>πέδας</span> 
     </span>
     <span class='ocr_line' id='line_1_36' title="bbox 260 3038 1864 3127; baseline 0.007 -30"><span class='ocrx_word' id='word_1_241' title='bbox 260 3038 575 3116; x_wconf 87' lang='grc' dir='ltr'>φερόμενοι,</span> <span class='ocrx_word' id='word_1_242' title='bbox 604 3040 696 3098; x_wconf 83' lang='grc' dir='ltr'>ἐπὶ</span> <span class='ocrx_word' id='word_1_243' title='bbox 724 3041 1058 3122; x_wconf 87' lang='grc' dir='ltr'>Τεγεήτας’</span> <span class='ocrx_word' id='word_1_244' title='bbox 1031 3044 1443 3123; x_wconf 88' lang='grc' dir='ltr'>εστρατεύοντο,</span> <span class='ocrx_word' id='word_1_245' title='bbox 1467 3053 1709 3127; x_wconf 76' lang='grc' dir='ltr'>χρησμῷ</span> <span class='ocrx_word' id='word_1_246' title='bbox 1735 3052 1864 3127; x_wconf 83' lang='grc' dir='ltr'>κιβ-</span> 
     </span>
     <span class='ocr_line' id='line_1_37' title="bbox 260 3124 1864 3217; baseline 0.007 -33"><span class='ocrx_word' id='word_1_247' title='bbox 260 3124 413 3202; x_wconf 88' lang='grc' dir='ltr'>δήλω</span> <span class='ocrx_word' id='word_1_248' title='bbox 438 3125 663 3186; x_wconf 85' lang='grc' dir='ltr'>πίσυνοι</span> <span class='ocrx_word' id='word_1_249' title='bbox 696 3154 766 3191; x_wconf 89' lang='grc' dir='ltr'>ως</span> <span class='ocrx_word' id='word_1_250' title='bbox 792 3128 860 3205; x_wconf 79' lang='grc' dir='ltr'>δὴ</span> <span class='ocrx_word' id='word_1_251' title='bbox 894 3130 1478 3209; x_wconf 83' lang='grc' dir='ltr'>ἐξανδραποδιούμενοι</span> <span class='ocrx_word' id='word_1_252' title='bbox 1502 3158 1631 3198; x_wconf 89' lang='grc' dir='ltr'>τους</span> <span class='ocrx_word' id='word_1_253' title='bbox 1660 3137 1864 3217; x_wconf 81' lang='grc' dir='ltr'>Τεγεή-</span> 
     </span>
     <span class='ocr_line' id='line_1_38' title="bbox 260 3213 1863 3304; baseline 0.008 -34"><span class='ocrx_word' id='word_1_254' title='bbox 260 3235 380 3274; x_wconf 86' lang='grc' dir='ltr'>τας·</span> <span class='ocrx_word' id='word_1_255' title='bbox 407 3213 747 3279; x_wconf 75' lang='grc' dir='ltr'>ἑσσωθέντες</span> <span class='ocrx_word' id='word_1_256' title='bbox 765 3215 827 3275; x_wconf 82' lang='grc' dir='ltr'>δὲ</span> <span class='ocrx_word' id='word_1_257' title='bbox 850 3221 924 3296; x_wconf 79' lang='grc' dir='ltr'>τῇ</span> <span class='ocrx_word' id='word_1_258' title='bbox 950 3216 1296 3297; x_wconf 79' lang='grc' dir='ltr'>συμβολῇ,</span> <span class='ocrx_word' id='word_1_259' title='bbox 1262 3242 1393 3279; x_wconf 88' lang='grc' dir='ltr'>οσοι</span> <span class='ocrx_word' id='word_1_260' title='bbox 1419 3224 1599 3282; x_wconf 82' lang='grc' dir='ltr'>αῦτων</span> <span class='ocrx_word' id='word_1_261' title='bbox 1625 3222 1863 3304; x_wconf 79' lang='grc' dir='ltr'>ἐζωγρή-</span> 
     </span>
    </p>
   </div>
   <div class='ocr_carea' id='block_1_7' title="bbox 2172 574 2175 1135">
    <p class='ocr_par' dir='ltr' id='par_1_13' title="bbox 2172 574 2175 1135">
     <span class='ocr_line' id='line_1_39' title="bbox 2172 574 2175 1135; baseline 0 0"><span class='ocrx_word' id='word_1_262' title='bbox 2172 574 2175 1135; x_wconf 95' lang='lat' dir='ltr'> </span> 
     </span>
    </p>
   </div>
  </div>
 </body>
</html>
