2184 3517
164 108 455 174 αντ-ιο]
943 113 1170 165 mm.
1779 118 1842 168 ιε

155 186 423 262 Ἴωνες,
446 191 702 269 Δωριέες,
719 192 961 263 Αἰολέες,
978 192 1317 271 Πάμφυλοι·
1346 196 1840 274 κατεστραμμένων
1858 198 1935 258 29

187 276 267 337 δὲ
314 277 559 348 τούτων,
598 278 691 337 καὶ
728 282 1252 359 προσεπικτωμένου
1292 283 1546 359 Κροίσου
1586 283 1841 355 Λυδοῖσι,

188 364 588 427 ἀπικνέονται
618 372 674 430 ἐς
707 366 908 443 Σάρδις
938 367 1297 445 ἀκμαζούσας
1327 369 1553 450 πλούτῳ
1576 369 1749 430 ἄλλοι
1778 397 1844 433 τε

193 456 263 512 οἱ
305 452 529 518 πάντες
565 459 627 514 ἐκ
656 456 760 531 τῆς
787 453 1067 519 Ἑλλάδος
1101 457 1396 533 σοφισταὶ,
1423 457 1478 516 οἳ
1510 462 1709 519 τοῦτον
1741 458 1842 519 τόν

193 539 436 620 χρόνον
453 540 755 622 ἐτύγχανον
769 540 962 613 ἐόντες,
982 540 1056 606 οἷς
1072 542 1305 608 ἕκαστος
1320 543 1499 605 αὐτῶν
1507 543 1837 616 ἀπικνέοιτο,

200 630 315 687 καὶ
364 627 444 704 δή
487 630 581 687 καὶ
623 627 818 693 Σόλων
855 627 997 707 α’νήρ
1035 628 1345 707 Ἀθηναῖος,
1386 630 1450 696 ὃς
1487 631 1840 709 Ἀθηναίοισι

199 714 438 793 νόμους
456 713 762 776 κελεύσασι
778 714 1039 792 ποιήσας,
1058 716 1385 796 ἀπεδήμησε
1402 720 1525 779 ἔτεα
1544 719 1676 779 δέκα
1696 719 1836 780 κατὰ

208 805 465 881 θὲωρίης
488 803 781 882 πρόφασιν
806 804 1173 876 ἐκπλώο·ας,”’
1147 831 1235 865 ινα
1262 805 1331 882 δὴ
1339 805 1445 917 μη
1467 832 1593 868 τινα
1615 811 1726 868 τῶν
1750 806 1836 869 νό-

207 918 344 964 μων
368 891 708 972 ἀναγκασθῇ
732 894 909 952 λυσαι
931 895 1044 952 τῶν
1069 893 1248 954 ἔθετο·
1287 892 1444 954 αυτοὶ
1468 920 1580 978 γαρ
1604 893 1703 955 ούκ
1728 895 1841 954 οἷοί

208 1005 283 1039 τε
311 977 472 1055 ἦσαν
496 977 633 1040 αὖτο
658 983 895 1055 ποιῆσαι
918 977 1225 1056 Ἀθηναῖοι·
1265 979 1506 1058 ὁρκίοισι
1527 1007 1639 1062 γαρ
1661 981 1834 1062 μεγά-

212 1071 391 1126 λοισι
421 1067 757 1147 κατείχοντο,
785 1066 917 1128 δέκα
950 1067 1074 1126 ἔτεα
1104 1066 1426 1147 χρήσεσθαι
1449 1067 1675 1146 νόμοισι
1704 1095 1834 1133 τους

214 1180 294 1214 αν
325 1160 447 1230 σφι
482 1152 678 1219 Σόλων
707 1155 891 1230 θῆται.
932 1152 1129 1216 Αύτῶν
1160 1154 1303 1231 δη’
1261 1181 1336 1216 ων
1368 1154 1577 1216 τούτων
1607 1157 1701 1215 καὶ
1733 1161 1834 1232 τῆς
1851 1159 1929 1215 30

120 1255 127 1262 “
218 1242 462 1319 θεωρίης
507 1239 823 1318 ἐκδημησας
863 1267 898 1301 ο
944 1240 1143 1306 Σόλων
1188 1241 1405 1313 εἵνεκεν,
1453 1248 1509 1306 ἐς
1552 1243 1836 1325 Αἴγυπτον

219 1328 461 1390 α’πίκετο
499 1328 653 1406 παρὰ
679 1327 949 1406 ”Apum-w,
983 1329 1077 1388 καὶ
1113 1328 1181 1405 δὴ
1214 1331 1307 1390 καὶ
1348 1336 1403 1395 ἐς
1443 1328 1643 1408 Σάρδις
1678 1330 1832 1410 παρὰ

221 1421 507 1494 Κροῖσον·
546 1414 877 1494 ἀπικόμενος
900 1415 961 1476 δὲ
980 1416 1278 1488 ’ἐξεινίζετο
1305 1423 1363 1479 ἐν
1386 1420 1539 1478 τοῖσι
1560 1419 1832 1495 βασιληΐ·

223 1530 347 1565 οισι
364 1503 479 1565 ὑπὸ
496 1507 596 1564 τοῦ
611 1505 883 1581 Κροίσου·
908 1502 1051 1581 μετὰ
1068 1503 1145 1575 δὲ,
1160 1504 1340 1585 ἡμέρῃ
1354 1506 1512 1585 τρίτῃ
1526 1502 1562 1581 ἢ
1577 1504 1828 1585 τετάρτῃ,

226 1591 599 1656 κελεύσαντος
630 1592 885 1668 Κροίσου
913 1591 1014 1652 τόν
1045 1590 1279 1658 Σόλωνα
1314 1590 1644 1670 θεράποντες
1679 1617 1831 1669 περι-

225 1684 372 1793 ἣγον
408 1706 550 1741 κατα
578 1705 706 1744 τους
740 1678 1068 1756 θησαυρους,
1105 1680 1198 1739 καὶ
1229 1679 1616 1740 ἐπεδείκνυσαν
1649 1678 1833 1739 πάντα

228 1767 394 1829 ἐόντα
427 1765 652 1877 μεγάλα
681 1792 746 1828 τε
785 1767 878 1826 καὶ
917 1765 1115 1843 ὄλβια·
1158 1766 1527 1877 θεησάμενον
1536 1765 1599 1825 δέ
1629 1791 1727 1843 μιν
1758 1766 1832 1827 τοὶ

229 1853 415 1916 πάντα
438 1855 530 1914 καὶ
550 1852 918 1933 σκεψάμενον,
941 1853 1014 1918 ὥς
1037 1857 1092 1913 οἶ
1119 1879 1259 1914 κατα
1284 1853 1474 1932 καιρὀν
1488 1852 1527 1926 ’ἶ
1528 1878 1576 1923 ν,
1600 1855 1776 1930 εἴρετο
1795 1853 1830 1912 ὁ

231 1946 483 2052 Κροῖσος
509 1940 660 2002 τάδε·
700 1941 885 2011 “febe
906 1940 1184 2017 Ἀθηναῖε,
1209 1940 1339 2020 παρ’
1363 1941 1539 2018 ἦμέας
1567 1940 1678 2021 γὰρ
1702 1940 1832 2018 περὶ

233 2030 336 2090 σέο
368 2028 542 2109 λόγος
578 2026 808 2089 άπῖκται
843 2027 1079 2099 πολλὸς,
1113 2028 1206 2088 καὶ
1245 2030 1456 2106 σοφίης
1495 2029 1697 2089 εἵνεκεν
1728 2032 1834 2105 τῆς

235 2121 344 2193 σῆς
368 2116 460 2177 καὶ
483 2115 714 2192 πλάνης,
737 2114 809 2179 ὦς
834 2117 1203 2192 φιλοσοφέων
1225 2120 1336 2198 γῆν
1359 2115 1584 2192 πολλὴν
1602 2116 1830 2193 θεωρίης

238 2206 434 2265 εἵνεκεν
476 2202 844 2280 ἐπελήλυθας·
890 2207 988 2264 νῦν
1032 2202 1107 2264 ὧν
1151 2202 1339 2282 ἵμερος
1377 2203 1700 2280 ἐπείρεσθαί
1729 2228 1832 2281 μοι

240 2293 459 2368 ἐπῆλθε,
480 2292 534 2353 εἴ
553 2315 678 2351 τινα
700 2288 808 2367 ἤδη
825 2289 1045 2351 πάντων
1070 2289 1208 2354 εἶδες
1233 2288 1583 2366 ὀλβιώτατον
1592 2289 1640 2359 ;”
1671 2289 1704 2350 ὅ
1728 2293 1835 2365 μὲν

242 2380 466 2450 ἐλπίζων
485 2376 625 2439 εἶναι
650 2375 948 2455 ἀνθρώπων
966 2375 1332 2454 ὀλβιώτατος,
1351 2380 1527 2436 ταῦτα
1547 2376 1832 2454 ἐπειρώτα·

244 2465 426 2533 Σόλων
450 2467 510 2526 δὲ
535 2464 690 2526 οἰδὲν
712 2462 1116 2528 ὑποθωπεύσας
1145 2463 1302 2525 άλλοὶ
1333 2467 1413 2543 τῷ
1444 2462 1589 2524 ἐόντι
1610 2462 1831 2542 χρησά-

244 2579 396 2631 μενος
430 2554 609 2634 λέγει·
649 2550 737 2611 “a''
763 2553 1033 2627 βασιλεῦ,
1059 2551 1282 2614 Τέλλον
1310 2550 1657 2627 Ἀθηναῖον·”
1697 2549 1834 2612 άπο-

246 2639 530 2718 θωυμάσας
547 2639 608 2700 δὲ
632 2642 883 2717 Κροῖσος
904 2638 972 2699 τὰ
997 2639 1203 2718 λεχθὲν
1238 2638 1414 2717 εἴρετο
1440 2639 1834 2716 ἐπιστρεφέως·

247 2729 399 2806 “κοίῃ
418 2726 486 2803 δὴ
506 2727 702 2804 κρίνεις
720 2727 941 2787 Τέλλον
960 2725 1100 2786 εἶναι
1119 2725 1471 2803 ὀλβιώτατον
1478 2725 1533 2798 ;”
1560 2726 1594 2788 ὅ
1615 2727 1675 2787 δὲ
1695 2726 1836 2786 εἶπε·

204 2811 220 2918 J
249 2816 492 2894 “Te'MP,
527 2817 694 2875 τοῦτο
728 2816 847 2891 μὲν,
854 2827 871 2902 ζ
879 2816 983 2889 τῆς
1015 2811 1217 2878 πόλιος
1251 2812 1311 2874 εὖ
1344 2812 1610 2890 ἡκούσης,
1642 2814 1837 2878 παῖδες

250 2902 385 2979 ἦσαν
421 2902 591 2962 καλοί
622 2925 686 2961 τε
725 2899 977 2982 κάγαθοὶ,
1016 2902 1115 2959 καί
1148 2907 1262 2979 σφι
1302 2900 1411 2961 εἶδε
1448 2899 1632 2961 ἅπασι
1670 2901 1836 2961 τέκνα

242 2987 561 3074 ἐκγενόμενα
599 2988 692 3047 καὶ
723 3013 907 3049 παντα
944 2988 1379 3094 παραμείναντα·
1419 2991 1584 3047 τοῦτο
1624 2987 1700 3057 δὲ,
1735 2991 1837 3047 τοῦ

186 3072 239 3164 ]
253 3077 373 3152 βίου
408 3074 464 3135 εὖ
497 3074 690 3151 ἥκοντι
726 3101 798 3139 ως
829 3074 904 3136 τοὶ
936 3074 1065 3152 παρ’
1097 3074 1252 3152 ἡμῖν,
1285 3074 1517 3149 τελευτὴ
1562 3078 1664 3134 τοῦ
1703 3075 1870 3151 βίου

246 3162 601 3242 λαμπροτάτη
641 3162 947 3242 ἐπεγένετο·
995 3161 1295 3241 γενομένης
1333 3186 1444 3240 γαρ
1488 3160 1841 3237 Ἀθηναίοισι

261 3250 425 3331 μάχης
437 3248 573 3329 πρός
590 3273 719 3311 τους
732 3247 1128 3328 άσπιγείτονας
1147 3251 1205 3306 ἐν
1221 3244 1522 3315 Ἐλευσῖνι,
1541 3245 1842 3322 βοηθήσας
