2184 3517
321 111 386 158 52
940 110 1306 162 ἨΡΟΔΟΤΟΤ
1907 147 1922 162 .

319 189 501 259 ζοντα,
520 190 719 250 τοῦτον
740 187 878 252 ὅκως
896 189 1344 268 μεταπέμψαιτο,
1365 186 1484 250 κατ’
1504 186 1667 265 α’ξίην
1688 187 1926 251 ἑκάστου

321 274 659 353 ἀδικήματος
688 276 939 336 ἐδικαίευ·
971 277 1069 336 καί
1091 280 1145 336 οἱ
1173 276 1530 337 κατάσκοποί
1551 301 1615 337 τε
1640 276 1734 337 καὶ
1760 275 1927 354 κατή-

321 389 442 423 κοοι
467 364 617 440 ἦσαν
644 362 750 425 dmi
774 368 967 425 πᾶσαν
991 364 1096 441 τήν
1121 363 1311 443 χώρην
1334 369 1435 440 τῆς
1459 364 1619 444 ἦρχε.

88 451 157 520 f'*
232 454 341 511 101
405 449 648 528 Δηῖόκης
686 452 793 530 μέν
832 477 930 513 νυν
969 452 1035 513 τό
1079 451 1337 530 Μηδικὸν
1379 453 1535 516 ἔθνος
1580 453 1928 531 συνέστρεψε

320 542 543 616 μοῦνον,
586 539 678 598 καὶ
716 538 917 599 τούτου
960 538 1117 617 ἦρξε.
1199 541 1323 601 ἔστι
1365 540 1427 600 δὲ
1472 539 1684 616 Μήδων
1719 540 1928 601 τοσάδε

320 627 502 707 γένεα·
531 627 764 697 Βουσαὶ,
781 627 1197 706 Παρητακηνοὶ,
1215 627 1579 707 Στρούχατες,
1595 627 1926 706 Ἀριζαντοὶ,

322 713 561 784 Βούδιοι,
590 714 798 795 Μάγοι.
881 716 1049 796 γένεα
1071 718 1178 793 μὲν
1211 715 1280 793 δή
1308 716 1520 792 Μήδων
1551 716 1676 777 ἐστὶ
1700 716 1926 776 τοσάδε.

230 803 344 860 102
365 801 614 878 Δηϊόκεω
646 802 707 862 δὲ
731 806 864 868 παῖς
886 804 1101 885 γίνεται
1131 803 1437 882 Φραόρτης,
1465 803 1528 867 ὃς
1559 803 1928 880 τελευτήσειν·

319 914 417 953 τος
432 888 680 966 Δηῖόκεω
699 890 1157 967 βασιλεύσαντος
1173 892 1303 970 τρία
1318 893 1411 951 καὶ
1428 891 1770 967 πεντήκοντα
1786 892 1926 962 ἔτεα,

320 977 661 1054 παρεδέξατο
694 977 798 1053 τὴν
832 978 1032 1059 ἀρχήν·
1073 979 1520 1058 παραδεξάμενος
1549 979 1625 1051 δὲ,
1665 979 1765 1041 οὐκ
1793 979 1928 1040 οἷπε-

319 1065 516 1144 χρέετο
555 1064 774 1156 μούνων
816 1092 1009 1146 αρχειν
1048 1093 1161 1129 των
1200 1068 1430 1144 Μήδων·
1477 1067 1634 1128 ἀλλὰ
1664 1093 1928 1145 στρατευ-

322 1178 566 1230 σαμενος
591 1155 684 1215 ἐπὶ
708 1181 838 1219 τους
865 1156 1114 1234 Πέρσας,
1140 1156 1420 1234 πρώτοισί
1439 1182 1503 1217 τε
1527 1155 1780 1217 τούτοισι
1805 1162 1926 1217 ἑπε-

324 1240 534 1316 θήκατο
559 1243 654 1303 καὶ
689 1243 940 1322 πρώτους
971 1243 1241 1319 Μήδων
1205 1243 1486 1321 υπηκόους
1511 1244 1761 1319 ἐποίησε·
1785 1242 1928 1322 μετὰ

322 1328 473 1400 δὲ,”
443 1355 583 1408 εχων
635 1327 734 1391 δύο
778 1335 956 1392 ταῦτα.
1008 1331 1168 1392 ἔθνεα
1219 1332 1313 1391 καὶ
1364 1330 1659 1443 αμφότερα
1704 1330 1927 1444 ἰσχυρὰ,

324 1418 736 1495 κατεστρέφετο
773 1417 878 1493 τὴν
915 1417 1119 1497 Ἀσίην
1157 1417 1254 1478 ἀπ’
1294 1417 1478 1478 ἄλλου
1517 1418 1602 1477 ἐπ’
1641 1417 1792 1478 ἄλλο
1834 1419 1930 1481 ι’,ὢν

326 1504 498 1569 ἔθνος·
539 1510 595 1568 ἐς
622 1504 655 1565 ὃ
681 1530 1168 1618 στρατευσαμενος
1193 1505 1286 1566 ε’πὶ
1308 1530 1441 1570 τους
1464 1504 1819 1583 Ἀσσυρίους,
1836 1508 1932 1568 καὶ

321 1591 638 1670 Ἀσσυρίων
669 1619 899 1658 τουτους
931 1594 985 1654 οἳ
1014 1598 1193 1656 Νῖνον
1225 1594 1379 1674 εἶχον
1403 1594 1497 1653 καὶ
1525 1592 1706 1673 ἦρχον
1729 1592 1931 1673 πρότε-

322 1705 422 1758 ρον
447 1679 682 1752 πάντων,
709 1681 837 1743 τότε
863 1683 924 1743 δὲ
948 1681 1100 1758 ἦσαν
1129 1682 1542 1761 μεμουνωμένοι
1573 1684 1677 1759 μὲν
1707 1683 1929 1761 συμμά-

322 1793 440 1846 χων
463 1767 560 1828 ἅτε
579 1766 942 1830 α’πεστεώτων
960 1768 1152 1834 ἄλλως
1167 1771 1360 1848 μέντοι
1382 1773 1591 1832 ἑωυτῶν
1610 1769 1669 1830 εὖ
1685 1769 1928 1846 ἥκοντες,

325 1857 417 1915 ἐπὶ
440 1855 670 1922 τούτους
695 1856 763 1934 δὴ
785 1858 1270 1936 στρατευσάμενος
1294 1857 1329 1919 ὅ
1353 1857 1657 1937 Φραόρτης,
1678 1856 1843 1923 αὐτός
1866 1884 1931 1920 τε

325 1944 598 2052 διεφθάρη
638 1942 808 2023 αρξας
845 1945 946 2006 δύο
985 1946 1078 2006 καὶ
1119 1945 1302 2007 εἴκοσι
1334 1947 1460 2006 ἔτεα
1493 1946 1589 2006 καὶ
1619 1945 1654 2006 ό
1685 1945 1931 2024 στρατός

323 2030 493 2091 αὐτοῦ
518 2032 552 2092 ὁ
579 2032 818 2098 πολλός.

231 2122 345 2181 103
405 2119 698 2198 Φραόρτεω
727 2121 789 2182 δὲ
816 2088 1258 2199 τελευτήσαντος
1303 2121 1588 2194 ἐξεδέξατο
1631 2122 1932 2201 Κυαξάρης

322 2207 357 2268 ό
386 2207 682 2287 Φραόρτεω
712 2213 816 2272 τοῦ
844 2211 1095 2287 Δηιόκεω
1119 2215 1270 2277 παῖς.
1353 2208 1516 2275 οὗτος
1539 2210 1765 2293 λέγεται
1787 2215 1931 2271 πολ-

320 2295 427 2358 λόν
469 2297 550 2357 ἔτι
595 2298 860 2379 γενέσθαι
900 2298 1279 2377 ἀλκιμώτερος
1324 2302 1437 2360 τῶν
1476 2298 1785 2381 προγόνων·
1836 2300 1932 2359 καὶ

324 2385 541 2463 πρῶτός
564 2412 628 2447 τε
655 2386 886 2467 ἐλόχισε
912 2388 1053 2447 κατὰ.
1076 2388 1249 2448 τέλεα
1267 2386 1401 2453 τούς
1425 2391 1487 2449 ἐν
1508 2390 1582 2466 τῇ
1619 2385 1807 2467 Ἀσίῃ,
1835 2387 1932 2447 καὶ

321 2478 537 2550 πρῶτος
578 2473 792 2544 διέταξε
817 2474 987 2554 χωρὶς
1013 2473 1282 2539 ἑκάστους
1309 2475 1462 2545 εἶναι,
1487 2474 1621 2539 τούς
1642 2500 1706 2535 τε
1734 2479 1932 2555 αἰχμο-

327 2562 535 2637 φόρους
575 2563 668 2621 καὶ
705 2562 837 2626 τούς
875 2561 1222 2640 τοξοφόρους
1263 2563 1356 2623 καὶ
1393 2562 1524 2627 τούς
1559 2564 1777 2628 ἱππέας·
1816 2564 1932 2642 πρό

323 2651 425 2708 τοῦ
451 2648 512 2706 δὲ
537 2646 743 2726 ἀναμὶξ
764 2648 837 2724 ἦν
861 2648 1047 2709 πάντα
1072 2649 1276 2726 ὁμοίως
1301 2648 1755 2728 ἀναπεφυρμένα.
1815 2649 1931 2731 (05-

323 2760 421 2799 τος
460 2733 494 2795 ὁ
537 2738 693 2796 τοῖσι
734 2736 980 2796 Λυδοῖσί
1017 2741 1144 2797 ἐστι
1182 2736 1576 2817 μαχεσάμενος
1616 2738 1710 2799 ὅτε
1749 2737 1853 2809 νυξ
1891 2738 1933 2816 ἦ

324 2821 507 2901 ἡμέρη
549 2822 765 2903 ἐγένετό
800 2829 914 2901 σφι
954 2826 1350 2903 μαχομένοισι,
1387 2826 1481 2887 καὶ
1515 2825 1548 2886 ὅ
1588 2826 1696 2903 τήν
1718 2825 1934 2892 Ἀλυος

325 2914 582 2988 ποταμοῦ
607 2937 718 2971 ανω
740 2910 943 2989 Ἀσίην
960 2938 1158 2974 πασαν
1181 2911 1479 2991 συστήσας
1504 2915 1727 2995 ἑωυτῷ.)
1792 2919 1934 2975 συλ-

330 2999 497 3068 λέξας
521 2998 583 3059 δὲ
613 3024 745 3064 τους
767 2997 861 3060 υπ’
894 3000 1140 3081 ἑωυτῷ’
1103 3002 1445 3082 αρχομένους
1474 3026 1704 3072 παντας,
1734 3006 1934 3079 ἐστρα-

326 3085 516 3147 τεύετο
543 3086 636 3147 ἐπὶ
659 3087 764 3165 τήν
789 3090 984 3162 Νῖνον,
1007 3091 1289 3168 τιμωρέων
1311 3115 1374 3148 τε
1397 3093 1475 3167 τῷ
1495 3089 1668 3165 πατρὶ
1703 3088 1797 3148 καὶ
1825 3088 1933 3164 τήν

326 3172 499 3234 πόλιν
534 3174 743 3253 ταύτην
783 3177 962 3242 θέλων
1002 3179 1230 3248 ἐξελεῖν·
1271 3175 1371 3234 καί
1398 3178 1467 3245 οἶ,
1497 3173 1569 3238 ὥς
1607 3174 1934 3253 συμβαλών

328 3261 553 3337 ἐνίκησε
589 3262 723 3328 τούς
759 3262 1114 3342 Ἀσσυρίους,
1155 3261 1568 3342 περικατημένῳ
1605 3262 1712 3340 τήν
1751 3268 1933 3325 Νῖνον
