2184 3517
297 75 389 125 326
903 76 1269 127 ἨΡΟΔΟΤΟΤ
1774 71 1903 135 [IV-

297 156 499 218 νίσκοι·
547 154 842 234 διαβάντες
881 155 942 216 δὲ
980 155 1082 217 τόν
1121 155 1343 228 Τάναϊν,
1377 156 1723 235 ὁδοιπόρεον
1762 154 1913 234 πρὸς

299 244 463 321 ἥλιον
480 243 788 325 ἀνίσχοντα
806 248 974 321 τριῶν
992 247 1098 322 μὲν
1115 244 1154 320 ή
1155 245 1367 322 μερέων
1386 244 1497 305 ἀπό
1517 249 1618 305 τοῦ
1634 244 1913 310 Τωνάῖδος

301 333 448 408 ὅδόν,
476 338 644 411 τριῶν
684 334 744 392 δὲ
784 331 900 393 ἀπὸ
939 337 1042 409 τῆς
1073 334 1277 410 λίμνης
1300 338 1402 409 τῆς
1427 334 1743 410 Μαιήτιδος
1766 336 1917 413 πρὸς

300 424 487 500 βορῆν
511 421 733 499 ἄνεμον·
760 420 1088 499 ἀπικόμενοι
1113 423 1173 482 δὲ
1199 426 1256 485 ἐς
1278 426 1478 483 τοῦτον
1494 421 1597 483 τᾶν
1619 428 1822 501 χῶρον,
1850 429 1917 484 ἐν

299 514 376 590 τῷ
400 515 497 572 νῦν
523 511 893 585 κατοίκηνται,
921 511 1161 586 οἴκησαν
1182 513 1403 575 τοῦτον.
1464 511 1559 569 καὶ
1583 510 1769 590 διαίτῃ
1795 510 1915 572 ἀπὸ

299 600 500 659 τούτου
551 598 822 676 χρέωνται
860 601 933 676 τῇ
978 602 1197 677 παλαιῇ
1241 603 1353 659 τῶν
1399 599 1807 676 Σαυροματέων
1851 603 1918 660 αἱ

298 689 567 767 γυναῖκες,
596 685 690 744 καὶ
729 686 823 744 ἐπὶ
862 684 1041 762 θήρην
1080 686 1175 745 ἐπὶ
1209 686 1392 747 ἵππων
1419 690 1768 761 ἐκφοιτῶσαι
1792 686 1917 765 ἅμα

294 776 448 833 τοῖσι
473 772 711 850 ἀνδράσι
736 773 830 830 καὶ
856 773 1025 850 χωρὶς
1048 777 1160 834 τῶν
1186 772 1417 851 ἀνδρῶν,
1446 775 1538 832 καὶ
1570 779 1626 836 ἐς
1655 774 1918 853 πόλεμον

305 865 603 937 φοιτῶσαι,
621 860 712 920 καὶ
738 861 957 936 στολήν
981 860 1085 936 τήν
1113 859 1286 937 αὐτὴν
1308 865 1463 921 τοῖσι
1484 861 1724 938 ἀνδράσι
1743 865 1919 941 φορέ-

211 952 239 1008 1
252 950 323 1010 17
345 975 531 1009 ουσαι.
586 951 749 1027 Φωνῇ
775 948 835 1008 δὲ
861 952 916 1008 οἱ
943 948 1304 1027 Σαυρομάται
1328 950 1619 1026 νομίζουσι
1645 952 1916 1031 Σκυθικῇ,

306 1038 720 1128 σολοικίζοντες
760 1034 901 1114 αὐτῇ
927 1036 1040 1096 ἀπο
1081 1041 1182 1096 τοῦ
1210 1036 1464 1116 ἀρχαίου,
1494 1036 1613 1096 ἐπεὶ
1641 1063 1707 1097 ου
1734 1064 1918 1149 χρησ-

304 1131 411 1190 τῶς
438 1126 709 1204 ἐξέμαθον
735 1123 908 1200 αὐτὴν
940 1127 1001 1184 αἱ
1037 1124 1359 1201 Ἀμαζόνες.
1438 1124 1512 1185 τά
1549 1126 1682 1203 περὶ
1717 1127 1921 1207 γάμων

305 1213 365 1273 δὲ
393 1212 499 1274 ὧδέ
522 1220 637 1291 σφι
662 1210 1048 1273 διακέεται·οὖ
1072 1213 1340 1293 γαμέεται
1364 1214 1639 1290 παρθένος
1665 1213 1919 1291 οὐδεμία,

307 1301 440 1379 πρὶν
472 1301 543 1362 ἂν
570 1305 681 1363 τῶν
710 1301 996 1378 πολεμίων
1030 1299 1204 1378 ἄνδρα
1238 1298 1557 1379 ἀποκτείνῃ·
1599 1304 1659 1360 αἶ
1684 1301 1748 1361 δέ
1772 1328 1923 1366 τινες

307 1388 514 1449 αὐτέων
554 1389 649 1448 καὶ
686 1391 992 1450 τελευτῶσι
1029 1388 1262 1470 γηραιαὶ
1304 1388 1438 1466 πρὶν
1481 1387 1799 1470 γήμασθαι,
1850 1390 1922 1450 οὗ

229 1470 233 1474 ’
305 1475 604 1552 δυνάμεναι
627 1475 730 1536 τόν
754 1475 928 1552 νόμον
955 1478 1255 1551 ἐκπλῆσαι.

213 1565 330 1625 118
429 1562 562 1623 Ἐπὶ
591 1562 800 1625 τούτων
833 1562 907 1623 ὧν
930 1566 1045 1624 τῶν
1083 1563 1536 1644 καταλεχθέντων
1560 1565 1763 1626 ἐθνέων
1785 1565 1924 1628 τούς

306 1653 588 1728 βασιλέας
637 1650 978 1728 ἁλισμένους
1024 1650 1356 1729 ἀπικόμενοι
1403 1656 1515 1712 τῶν
1540 1653 1817 1717 ’Σκυθέων
1865 1658 1926 1714 οἱ

307 1738 561 1822 ἄγγελοι,
589 1741 785 1820 ἔλεγον
820 1738 1239 1803 ἐκδιδάσκοντες
1271 1739 1343 1803 ὥς
1378 1739 1410 1801 ὅ
1446 1741 1696 1819 Πέρσης,
1725 1742 1925 1820 ἐπειδή

309 1830 363 1887 οἱ
393 1827 465 1888 τοὶ
499 1833 559 1888 ἐν
588 1832 661 1907 τῇ
694 1825 904 1905 ἠπείρῳ
942 1831 1015 1906 τῇ
1058 1829 1218 1906 ἐτέρῃ
1256 1827 1441 1888 πάντα
1480 1828 1923 1907 κατέστραπται,

307 1916 561 1996 γέφυραν
600 1913 791 1985 ζεύξας
832 1916 925 1975 ἐπὶ
957 1919 1035 1994 τῷ
1073 1915 1267 1994 αὐχένι
1305 1919 1407 1977 τοῦ
1445 1915 1770 1995 Βοσπόρου,
1803 1918 1924 1977 δια·

309 2004 529 2080 βέβηκε
570 2008 625 2066 ἐς
662 2002 826 2079 τήνδε
860 2003 965 2079 τὴν
999 2004 1250 2081 ἤπειρον·
1293 2004 1497 2081 διαβάς
1526 2004 1603 2076 δὲ,
1632 2006 1727 2064 καὶ
1753 2031 1926 2066 κατα-

310 2091 697 2170 στρεψάμενος
747 2092 1006 2170 Θρήϊκας,
1059 2096 1303 2173 γεφυροῖ
1356 2091 1614 2169 ποταμδν
1666 2091 1923 2171 Ἴστρον,

310 2179 664 2257 βουλόμενος
698 2181 790 2240 καὶ
825 2180 959 2239 τάδε
989 2178 1175 2240 πάντα
1202 2179 1298 2239 ὑπ’
1333 2183 1509 2259 ἑωυτῷ
1542 2180 1925 2256 ποιήσασθαι·

311 2276 349 2304 “
369 2266 527 2345 υμεῖς
567 2267 642 2329 ὦν
679 2266 876 2345 μηδενὶ
915 2266 1106 2346 τρόπῳ
1148 2272 1207 2325 ἐκ
1254 2271 1357 2327 τοῦ
1396 2268 1577 2345 μέσου
1620 2268 1927 2345 κατήμενοι

315 2356 596 2433 περιίδητε
631 2355 808 2433 ἡμέας
834 2353 1259 2466 διαφθαρέντας·
1299 2353 1455 2414 ἀλλα
1478 2354 1657 2417 τῶυτο
1682 2356 1926 2431 νοήσαν-

310 2467 418 2513 τες,
445 2434 783 2520 ἀντιάζωμεν
801 2441 902 2503 τὸν
928 2440 1176 2502 ἐπιόντα.
1240 2442 1415 2504 οὔκων
1430 2443 1702 2519 ποιήσετε
1720 2449 1924 2514 ταῦτα;

310 2528 472 2606 ἡμεῖς
517 2533 620 2607 μὲν
662 2528 997 2605 πιεζόμενοι,
1041 2527 1078 2606 ἢ
1124 2532 1457 2608 ἐκλείψομεν
1502 2558 1607 2607 την
1652 2532 1846 2611 χώρην
1887 2533 1926 2610 ἦ

313 2618 572 2694 μένοντες
607 2618 885 2698 ὁμολογίῃ
916 2618 1270 2697 χρησόμεθα,
1299 2619 1383 2699 (τί
1401 2619 1527 2700 γάρ
1547 2618 1813 2696 πάθωμεν
1839 2620 1925 2697 μή

311 2705 677 2781 βουλομένων
722 2704 904 2780 υμέων
942 2707 1232 2784 τιμωρέειν
1248 2708 1289 2786 3)
1344 2707 1475 2784 ὑμῖν
1517 2707 1576 2766 δὲ
1623 2707 1784 2767 οὐδὲν
1829 2709 1927 2768 ἐπὶ

312 2791 488 2869 τούτω
520 2793 679 2850 ἔσται
709 2791 1112 2870 ἐλαφρότερον·
1152 2793 1275 2870 ἥκει
1302 2821 1413 2876 γαρ
1440 2795 1472 2856 ὁ
1499 2797 1732 2872 Πέρσης
1764 2794 1929 2858 ουδέν

313 2901 370 2935 τι
408 2881 638 2952 μαλλον
679 2877 764 2936 ἐπ’
794 2878 970 2988 ήμέας
1005 2880 1044 2955 ἢ
1083 2907 1150 2941 ου
1192 2883 1286 2941 καὶ
1324 2884 1418 2942 ἐπὶ
1455 2882 1647 2960 ὖμέας·
1702 2882 1836 2943 ουδέ
1871 2888 1929 2945 οἱ

316 2964 660 3040 καταχρήσει
711 2963 889 3041 ημέας
940 2973 1451 3051 καταστρεψαμένω
1496 2971 1678 3048 ὖμέων
1719 2970 1927 3051 ἀπέχε-

315 3048 472 3104 σθαι.
552 3052 701 3129 μέγα
737 3051 797 3110 δὲ
835 3052 968 3127 υμῖν
1007 3054 1197 3135 λόγων
1226 3059 1398 3117 τῶνδε
1436 3084 1745 3136 μαρτυριον
1778 3060 1930 3136 ἐρέο-

317 3151 437 3186 αεν·
479 3136 527 3188 εἰ
553 3159 663 3211 γαρ
690 3135 775 3194 ἐπ’
799 3136 975 3211 ἡμέας
1011 3167 1251 3215 μουνους
1276 3146 1750 3224 ἐστρατηλάτεε
1716 3173 1750 3207 ο
1777 3148 1932 3227 Πέρ-

379 3232 440 3276 ’9,
464 3216 737 3275 τίσασθαι
775 3225 876 3293 τῆς
912 3226 1134 3298 πρόσθε
1170 3230 1519 3309 δουλοσύνης
1550 3235 1932 3311 βουλόμενος,
