2184 3517
284 93 572 160 107—110]
984 95 1213 147 nmo.
1674 97 1680 102 ·
1827 99 1891 145 55

281 174 453 256 ἔλεγέ
474 177 528 235 οἶ
549 172 760 235 τοιάδε·
802 173 1125 257 “Ἀρπαγε,
1150 178 1386 257 πρῆγμα
1414 175 1481 237 τὰ
1506 173 1575 236 ἄν
1598 199 1689 236 τοι
1713 198 1892 254 προσ-

281 262 396 323 θέω
417 262 685 339 μηδαμῶς
703 262 1068 342 παραχρήσῃ·
1101 263 1243 341 μηδὲ
1263 265 1364 340 ἑμέ
1385 289 1448 323 τε
1467 262 1781 341 παραβάλῃ
1800 263 1893 323 καὶ

280 349 500 414 ἄλλους
539 350 800 428 ἑλόμενος
849 352 911 420 ἐξ
952 351 1190 429 ὑστέρης
1231 351 1305 412 σύ
1348 355 1526 429 ἑωυτῷ
1564 352 1889 429 περιπέσῃς.

278 437 441 515 λάβε
463 436 564 499 τᾶν
587 438 862 516 Μανδάνη
884 439 1032 499 ἔτεκε
1057 440 1248 510 παῖδα,
1272 441 1456 517 φέρων
1478 439 1537 499 δὲ
1565 443 1621 501 ἐς
1646 443 1891 498 σεωυτοῦ

278 524 631 587 ἀπόκτεινον·
649 567 653 571 -
672 526 816 603 μετὰ
852 527 928 598 δὲ,
958 526 1142 605 θάψον
1171 526 1359 606 τρόπῳ
1393 525 1530 606 ὅτεῳ
1555 525 1721 589 αὐτὸς
1752 525 1892 603 βού·

277 613 464 673 λεαι.”
520 613 554 674 ὁ
579 614 640 674 δὲ
664 613 981 691 α’μείβεται·
1016 613 1102 675 “ὦ
1127 617 1394 691 βασιλεῦ,
1423 612 1552 675 οὔτε
1576 612 1793 674 ἄλλοτέ
1813 639 1892 674 κω

277 702 540 781 παρεῖδες
566 700 725 779 ἀνδρὶ
747 702 886 781 τῷδε
909 700 1081 782 ἄχαρι
1107 701 1280 774 οὐδὲν,
1302 699 1727 779 φυλασσόμεθά
1750 727 1815 762 τε
1834 707 1890 765 ἐς

279 790 358 849 σὲ
396 790 490 849 καὶ
529 795 586 853 ἐς
622 789 723 851 τᾶν
752 790 1051 867 μετέπειτα
1088 790 1295 870 χρόνον
1331 791 1505 868 μηδὲν
1544 786 1889 867 ἐξαμαρτεῖν·
1927 811 1941 826 ’

279 875 418 936 ἀλλ’
446 878 497 938 εἶ
523 902 614 938 τοι
641 878 818 954 φίλον
839 881 1009 939 τοῦτο
1034 877 1178 940 οὕτω
1200 878 1476 960 γίνεσθαι,
1499 877 1613 957 χρὴ
1640 876 1709 953 δή
1732 877 1800 938 τό
1822 903 1891 958 γε

280 963 422 1042 ε’μόν
449 965 857 1045 ὑπηρετέεσθαι
897 966 1240 1044 ἑπιτηδέως.”
1311 966 1576 1027 Τούτοισι
1615 964 1853 1048 α’μειψάή
1872 967 1984 1026 109

276 1078 452 1130 μενος
475 1052 507 1114 ὁ
528 1053 837 1136 Ἅρπαγος,
866 1053 940 1118 ὦς
970 1058 1025 1116 οἶ
1050 1054 1334 1132 παρεδόθη
1356 1053 1425 1115 τό
1448 1054 1672 1114 παιδίον
1697 1079 1892 1113 κεκοσ-

275 1141 534 1218 μημένον
574 1142 679 1218 τήν
720 1143 814 1203 ε’πὶ
861 1142 1077 1224 θανάτῳ
1121 1142 1212 1219 ἤϊε
1258 1142 1466 1203 κλαίων
1506 1146 1562 1204 ἐς
1604 1139 1692 1201 ταῖ·
1725 1142 1891 1201 οἰκία.

276 1228 583 1307 παρελθῶν
617 1231 682 1291 δὲ
721 1231 930 1309 ἔφραζε
966 1236 1040 1311 τῇ
1080 1234 1284 1292 ἑωυτοῦ
1321 1231 1543 1313 γυναικὶ
1578 1229 1680 1291 τόν
1709 1228 1894 1289 πάντα

275 1315 627 1401 Ἀστυάγεος
658 1319 902 1397 ῥηθέντα
935 1319 1130 1401 λόγον,
1161 1318 1202 1395 ἦ
1238 1320 1299 1380 δὲ
1332 1316 1475 1396 πρὸς
1510 1316 1679 1379 αὖτόν
1713 1317 1889 1398 λέγει·

278 1409 426 1465 “νῦν
451 1404 527 1467 ὧν
549 1407 612 1469 τί
632 1432 731 1467 σοι
756 1412 816 1467 ἑν
839 1406 948 1487 νόῳ
970 1407 1096 1468 ἐστὶ
1117 1406 1325 1468 ποιέειν
1344 1406 1399 1477 ;”
1432 1405 1465 1467 ὁ
1486 1406 1547 1467 δὲ
1570 1405 1889 1483 ἀμείβεται·

278 1491 431 1552 “ofin
451 1491 495 1572 ᾗ
521 1495 844 1556 ἐνετέλλετο
867 1493 1207 1577 Ἀστυάγης·
1249 1494 1361 1555 οὐδ’
1389 1499 1438 1555 εἶ
1461 1493 1893 1572 παραφρονήσει

277 1604 347 1641 τε
382 1582 477 1641 καὶ
510 1586 766 1660 μανεῖται
805 1581 998 1643 κάκιον
1031 1581 1070 1660 ἢ
1106 1587 1205 1644 νῦν
1236 1583 1506 1661 μαίνεται,
1534 1580 1601 1643 οὔ
1633 1609 1687 1642 οι
1721 1583 1892 1663 ἔγωγε

275 1669 691 1748 προσθήσομαι
738 1675 812 1751 τῇ
863 1669 1074 1753 γνώμῃ,
1123 1670 1251 1732 ουδὲ
1303 1675 1361 1734 ἐς
1412 1669 1590 1747 φόνον
1638 1673 1893 1730 τοιοῦτον

276 1755 636 1836 ὖπηρετήσω.
700 1763 938 1820 πολλῶν
962 1759 1023 1819 δὲ
1050 1759 1231 1820 εἵνεκα
1263 1785 1327 1819 ου
1356 1757 1615 1836 φονευσω
1639 1783 1757 1836 μιν·
1798 1758 1892 1817 καὶ

276 1843 372 1905 ὅτι
396 1845 545 1926 αυτῷ
567 1871 670 1924 μοι
692 1846 970 1929 συγγενής
997 1852 1153 1908 ἑστιν
1178 1874 1211 1908 ο
1242 1850 1392 1919 παῖς,
1421 1848 1515 1907 καὶ
1540 1846 1629 1907 ὅτι
1649 1845 1893 1907 Ἀστυά-

274 1956 388 2014 γης
417 1934 526 2011 μέν
556 1939 683 1995 ε’στι
712 1935 895 2017 γέρων
925 1935 1019 1996 καὶ
1054 1933 1225 1999 ἅπαις
1263 1937 1487 2014 ἔρσενος
1513 1933 1705 2017 γόνου·
1747 1937 1797 1993 εἰ
1829 1933 1889 1993 δὲ

278 2021 536 2097 θελήσει,
579 2020 782 2083 τούτου
833 2023 1291 2100 τελευτήσαντος,
1348 2030 1405 2088 ἐς
1452 2022 1557 2101 τὴν
1610 2022 1891 2104 θυγατέρα

274 2109 489 2187 ταύτην
514 2109 798 2188 ἀναβῆναι
826 2110 865 2187 ἦ
894 2113 1164 2190 τυραννὶς,
1190 2110 1261 2189 ἧς
1289 2114 1389 2174 νῦν
1413 2111 1515 2173 τᾶν
1539 2109 1662 2171 υἶόν
1691 2109 1891 2169 κτείνει

277 2196 351 2257 δι’
367 2203 518 2275 ε’μεῦ,
535 2196 688 2259 ἄλλο
711 2196 824 2276 τίῆ
842 2200 1098 2262 λείπεται
1119 2201 1187 2262 τὰ
1214 2202 1463 2261 ἐνθεῦτεν
1483 2198 1609 2276 ἐμοὶ
1633 2196 1891 2258 κινδύνων

276 2284 316 2345 ὅ
337 2287 647 2368 μέγιστοςς
689 2286 846 2348 α’λλσῖ
867 2292 970 2349 τοῦ
994 2292 1101 2366 μὲν
1126 2288 1423 2364 ἀσφαλέος
1450 2286 1629 2347 εἵνεκα
1656 2286 1782 2362 ε’μοὶ
1807 2285 1893 2345 δεῖ

276 2379 482 2436 τοῦτον
498 2379 767 2437 τελευτᾶν
789 2375 892 2438 τόν
914 2377 1111 2436 παῖδα·
1149 2377 1236 2436 δεῖ
1255 2375 1447 2453 μέντοι
1469 2378 1581 2434 τῶν
1604 2371 1730 2433 τινὰ
1753 2371 1889 2432 Ἀσ-

273 2460 516 2544 τυάγεος
549 2462 721 2525 αὐτοῦ
757 2463 939 2542 φονέα
969 2465 1254 2547 γενέσθαι,
1292 2464 1385 2523 καὶ
1424 2461 1505 2541 μὴ
1543 2464 1655 2523 τῶν
1692 2459 1888 2538 ἑμῶν.”

273 2555 472 2612 Ταῦτα
519 2551 657 2624 εἶπε,
698 2554 793 2613 καὶ
829 2551 1030 2614 αὐτίκα
1068 2552 1316 2635 ἄγγελον
1355 2553 1568 2629 ἔπεμπε
1608 2550 1702 2610 ε’πὶ
1737 2552 1851 2609 τῶν
1870 2550 1988 2609 110

244 2662 250 2666 ·
272 2640 580 2716 βουκόλων
622 2645 736 2702 τῶν
772 2639 1120 2724 Ἀστυάγεος
1154 2640 1260 2723 τὰνν
1292 2639 1576 2718 ἠπίστατο
1613 2637 1789 2717 νομάς
1824 2663 1891 2698 τε

275 2728 720 2804 ε’πιτηδεωτάτας
747 2729 989 2806 νέμοντα
1018 2729 1115 2790 καὶ
1145 2728 1313 2808 οῦρεα
1338 2728 1771 2808 θηριωδέστατα·
1809 2730 1888 2805 τῷ

275 2813 496 2892 οὕνομα
522 2814 598 2892 ἦν
626 2815 1007 2895 Μιτραδάτης,
1034 2817 1289 2878 συνοίκεε
1322 2816 1383 2877 δὲ
1415 2821 1490 2895 τῇ
1524 2819 1726 2876 ἑωυτοῦ
1757 2838 1888 2874 συν-

274 2900 483 2983 δούλῳ·
524 2900 738 2981 οὕνομα
768 2904 831 2965 δὲ
859 2909 934 2984 τῇ
962 2906 1183 2984 γυναικὶ
1216 2902 1288 2980 ἦν
1316 2908 1391 2983 τῇ
1427 2903 1682 2964 συνοίκεε
1720 2898 1888 2959 Κυνῶ

276 2988 424 3049 κατὰ
447 2989 554 3067 τὴν
576 2989 870 3068 Ἑλλήνων
890 2996 1188 3074 γλῶσσαν,
1217 2991 1359 3051 κατὰ
1392 2990 1453 3051 δὲ
1481 2989 1585 3067 τὴν
1610 2985 1886 3063 Μηδικὴν,

275 3075 510 3142 Σπακώ·
547 3076 656 3154 τήν
683 3078 797 3160 γὰρ
829 3079 967 3141 κύνα
1004 3079 1275 3138 καλέουσι
1307 3075 1505 3138 σπάκα
1540 3074 1751 3150 Μῆδοι.
1830 3076 1891 3132 αἱ

276 3163 339 3225 δὲ
360 3163 618 3244 ὖπῶρεαί
639 3169 753 3227 εἶσι
774 3171 888 3228 τῶν
907 3166 1113 3244 οὐρέων
1132 3166 1263 3226 ἔνθα
1280 3163 1383 3228 τοὶς
1406 3161 1582 3240 νομὰς
1604 3165 1715 3223 τῶν
1732 3161 1890 3238 βοῶν

278 3250 400 3331 εἶχε
425 3249 591 3318 οὗτος
613 3252 684 3330 δὴ
708 3252 743 3315 ὅ
767 3253 1066 3331 βουκόλος,
1084 3250 1227 3331 πρός
1251 3251 1439 3328 βορέω
1459 3275 1525 3310 τε
1549 3248 1756 3326 ἀνέμου
1778 3251 1890 3309 τῶν
