2184 3517
323 102 420 152 194
938 100 1305 152 ἭΡοΔοΤοϊ
1822 99 1920 164 [11.

323 181 644 256 φοιτέοντες
662 205 804 258 προς
810 178 1111 291 τῶγαλμα,
1134 179 1412 256 ἐσέβοντο
1428 179 1707 261 μεγάλως·
1733 180 1930 255 μαθων

318 266 440 327 δὲ’
410 294 441 327 ο
470 266 724 343 ”Αμασις
760 291 826 327 το
861 271 921 325 ἐκ
958 270 1069 326 τῶν
1110 264 1300 326 οἷο-τῶν
1338 266 1682 344 ποιεύμενον,
1720 292 1928 347 συγκα-

320 355 499 418 λέσας
524 356 858 435 Αἰγυπτίους
884 354 1117 433 ἐξέφῃνε
1147 353 1318 429 φας’
1293 380 1354 412 εκ
1390 357 1489 413 τοῦ
1515 353 1930 431 ποδανιπῆρος

323 440 597 522 τῶγαλμα
619 443 922 523 γεγονέναι,
950 447 1005 505 ἐς
1028 442 1129 501 τὸν
1168 440 1441 518 πρότερον
1468 442 1573 517 μὲν
1603 440 1735 504 τοῦς
1759 446 1927 523 Αἰγυ-

323 530 516 592 πτίους
557 534 767 606 ἐνεμεῖν
806 556 868 589 τε
910 531 1000 589 καὶ
1041 529 1308 606 ἐνουρέειν
1334 529 1428 587 καὶ
1465 528 1643 591 πόδας
1677 531 1925 589 ἐναπονί-

323 617 537 687 ζεσθαι,
578 616 706 676 τότε
746 616 808 676 δὲ
845 616 1107 699 μεγάλως
1145 617 1447 693 σέβεσθαι·
1527 612 1637 692 ἤδη
1677 615 1770 686 ὧν,
1812 618 1926 694 ἔφη

321 703 520 778 λέγων,
547 702 748 779 ὁμοίως
775 704 939 768 αὐτὸς
963 708 1042 783 τῷ
1075 704 1447 779 ποδανιπτῆρι
1472 705 1834 784 πεπρηγέναι·
1875 711 1928 765 εἶ

322 789 435 872 γὰρ
473 789 745 869 πρότερον
786 792 926 851 εἶναι
966 791 1226 869 δημότης,
1274 790 1406 850 ἀλλ’
1448 796 1507 850 ἐν
1544 796 1623 869 τῷ
1658 791 1926 869 παρεόντι

325 877 465 938 εἶναι
505 878 684 938 αὐτῶν
721 879 1020 956 βασιλεύς·
1067 879 1163 939 καὶ
1200 883 1369 957 τιμᾶν
1407 904 1470 939 τε
1511 880 1604 938 καὶ
1641 882 1925 958 προμηθέ-

325 967 490 1026 εσθαι
531 970 732 1027 ἐωυτοῦ
772 968 1019 1048 ἐκέλευε..
1085 967 1318 1046 τοιούτῳ
1350 968 1455 1043 μὲν
1483 966 1671 1045 τρόπῳ
1707 993 1925 1046 προση-

323 1053 533 1135 γάγετο
574 1054 706 1119 τούς
747 1056 1101 1137 Αἰγυπτίους,
1144 1054 1289 1115 ὥστε
1336 1054 1581 1114 δικαιοῦν
1621 1054 1923 1116 δουλεύειν.

236 1140 352 1202 173
419 1142 663 1221 Ἐχρᾶτο
690 1143 749 1203 δὲ
769 1142 1114 1204 καταστάσει
1132 1140 1473 1224 πρηγμάτων
1489 1142 1696 1221 τοιῇδε·
1727 1143 1795 1203 τὸ
1819 1147 1927 1221 μὲν

325 1226 566 1306 ορθριον,
619 1231 787 1310 μέχρι
837 1229 971 1291 ὅτου
1013 1229 1316 1307 πληθωρης
1361 1228 1585 1309 ἀγορῆς,
1625 1230 1928 1308 προθύμως

328 1342 581 1394 επρησσε
617 1318 691 1377 τοὶ
729 1317 1170 1428 προσφερόμενα
1206 1316 1530 1397 πρήγματα·
1601 1341 1667 1377 το
1708 1317 1770 1377 δὲ
1808 1317 1925 1380 oin-6

326 1403 523 1463 τούτου
549 1404 699 1465 ἔπινέ
720 1430 784 1464 τε
820 1406 913 1464 καὶ
949 1406 1305 1465 κατέσκωπτε
1332 1429 1464 1467 τους
1492 1403 1802 1479 συμπότας,
1830 1407 1926 1466 καὶ

326 1488 398 1565 ἦν
418 1490 652 1567 μάταιός
676 1518 739 1551 τε
763 1494 858 1551 καὶ
887 1491 1255 1573 παιγνιήμων·
1323 1490 1691 1571 ἀχθεσθέντες
1715 1492 1774 1552 δὲ
1798 1493 1923 1554 τού-

328 1602 483 1638 τοισι
533 1581 590 1637 οἱ
640 1580 805 1655 φίλοι
869 1578 1040 1639 αὐτοῦ
1109 1580 1422 1639 ἐνουθέτεον
1487 1577 1672 1649 αὐτὰν,
1734 1582 1927 1641 τοιάδε

327 1664 604 1746 λέγοντες·
665 1665 752 1724 “ὦ
797 1668 1064 1743 βασιλεῦ,
1113 1666 1212 1727 οὖκ
1254 1665 1445 1743 ὀρθῶς.
1472 1670 1716 1727 σεωυτοῦ
1758 1669 1922 1745 προέ-

333 1778 556 1829 ιττηκας,
594 1758 650 1817 ἐς
678 1753 745 1813 τὸ
785 1753 929 1835 ἄγαν
970 1758 1195 1831 φαῦλον
1225 1754 1485 1836 προάγων
1511 1754 1769 1816 σεωυτόν.
1851 1760 1927 1816 σὲ

333 1845 441 1917 γάρ
490 1844 636 1920 χρῆν
680 1845 740 1900 ἐν
781 1841 957 1921 θρόνῳ
1011 1845 1200 1921 σεμνῷ
1253 1842 1465 1920 σεμνὰν
1518 1843 1808 1913 θωκέοντα,
1853 1844 1925 1904 δι’

333 1929 536 2005 -ιξμὲμης
560 1927 842 2006 πρήσσειν
865 1930 939 1990 τοὶ
967 1930 1289 2009 πρήγματα·
1331 1930 1424 1988 καὶ
1460 1928 1601 1989 οὕτω
1627 1929 1933 2011 Αἰγύπτιοί

333 2017 377 2073 *r*
405 2013 473 2073 aas
497 2015 795 2077 ἐπιστέατο
823 2015 892 2080 ὥς
916 2016 1008 2078 ὕπ’
1035 2016 1234 2094 άνδρὸς
1256 2017 1510 2098 μεγάλου
1538 2015 1804 2096 ἄρχονται
1829 2021 1925 2080 καὶ

333 2105 555 2181 ἄμεινον
579 2105 655 2165 σύ
682 2103 751 2165 ἂν
773 2104 986 2181 ἤκουες·
1027 2110 1125 2166 νῦν
1149 2105 1209 2165 δὲ
1237 2105 1442 2169 ποιέεις
1475 2103 1726 2182 οὐδαμῶς
1748 2107 1924 2182 βασι-

333 2191 514 2253 Amet?
583 2192 616 2255 ὅ
646 2193 692 2253 δ’
718 2192 985 2272 ἀμείβετο
1023 2193 1239 2253 τοισίδε
1278 2192 1498 2256 αὐτούς·
1540 2192 1665 2253 “τοὶ
1693 2193 1832 2263 τόξα
1865 2198 1929 2256 οἱ

337 2282 670 2358 κεκτημένοι,
702 2282 868 2342 ἐπεοὶν
895 2284 1001 2360 μὲν
1034 2281 1260 2341 δέωνται
1293 2281 1547 2361 χρᾶσθαι
1582 2280 1927 2354 ἐντανύουσι,

337 2369 523 2449 [ἐπεάν
574 2370 635 2429 δὲ
683 2368 1022 2449 χρήσωνται,
1068 2368 1375 2449 ἐκλύουσι]·
1442 2372 1491 2428 εἰ
1539 2367 1651 2449 γὰρ
1702 2368 1772 2444 δή
1822 2369 1931 2431 τόν

333 2457 515 2517 πάντα
541 2455 746 2537 χρόνον
785 2457 1116 2534 ἐντεταμένα
1146 2457 1248 2532 εἴη,
1284 2456 1539 2537 ἐκραγείη
1566 2454 1653 2516 ἄν·
1694 2456 1844 2518 ὥστε
1867 2462 1929 2523 ἐς

333 2545 401 2601 τὰ
441 2545 564 2603 δέον
602 2544 702 2603 οὐκ
741 2543 810 2605 ἂν
849 2546 1027 2625 ἔχοιεν
1065 2543 1291 2605 αύτοῖσι
1328 2545 1597 2623 χρῆσθαι.
1680 2544 1823 2605 οὕτω
1853 2546 1928 2623 δή

333 2633 425 2685 καὶ
473 2629 762 2707 ἀνθρώπου
806 2632 1169 2696 κατάστασις·
1226 2637 1275 2693 εἲ
1317 2633 1502 2693 ἐθέλοι
1547 2633 1929 2694 κατεσπουδά-

333 2721 469 2777 mila:
493 2718 600 2775 αἰεὶ
623 2717 765 2794 μηδὲ
795 2724 851 2781 ἐς
887 2722 1150 2801 παιγνίην
1173 2720 1240 2781 τό
1272 2721 1441 2799 μέρος
1472 2720 1671 2780 ἑωυτὸν
1696 2720 1925 2791 οἷνιέναι,

333 2805 500 2863 λυῖὓῡι
534 2801 602 2863 ἂν
630 2804 758 2879 ἤτοι
790 2806 981 2882 μανεὶς
1010 2806 1049 2883 ἢ
1074 2808 1175 2888 ὅγε
1213 2806 1572 2883 ἀπόπληκτος
1608 2808 1926 2887 γενόμενος·

333 2893 401 2949 wi
445 2891 550 2972 ἐγώ
590 2892 973 2970 ἐπιστάμενος,
1000 2894 1167 2971 μέρος
1200 2894 1436 2973 ἐκατέρῳ
1473 2893 1670 2971 νέμω.”
1748 2899 1931 2956 ταῦτα

245 2981 353 3037 ΓΗ
373 2981 473 3049 μὲν
495 2978 622 3040 τούς
648 2979 852 3052 φίλους
875 2978 1171 3057 οἷμείψατο.
1251 2983 1493 3061 Λέγεται
1522 2982 1584 3040 δὲ
1609 2980 1929 3058 ὄ”Αμασις,

333 3065 425 3121 καὶ
449 3063 541 3121 ὅτε
564 3063 635 3138 ἦν
656 3063 885 3139 ἰδιώτης,
907 3064 979 3128 ὥς
1004 3066 1321 3142 φιλοπότης
1349 3068 1451 3127 ε’ὠν
1477 3068 1569 3126 καὶ
1596 3068 1933 3148 φιλοσκώμ-

333 3173 465 3221 μων,
506 3149 600 3206 καὶ
650 3148 901 3225 οὐδαμῶς
950 3153 1509 3228 κατεσπουδασμένος
1560 3152 1720 3231 οἷνήρ·
1792 3154 1938 3221 ὅκως

337 3233 397 3289 δέ
445 3257 540 3309 μιν
593 3235 873 3295 ἐπιλείποι
919 3236 1154 3296 πίνοντά
1202 3260 1266 3295 τε
1318 3237 1411 3295 καὶ
1460 3238 1808 3300 εὐπαθέοντα
1857 3243 1935 3303 τὰ
