2184 3517
344 86 443 133 112
957 82 1318 132 ᾞΡοΔοτοτ
1842 79 1955 145 [Η.

344 163 507 238 εὗρέα
558 162 883 265 Αἴγυπτός
891 167 1034 222 ἐστι.
1115 161 1349 237 Πέφυκε
1398 161 1504 237 μέν
1554 185 1651 220 νυν
1699 159 1739 236 ἦ
1790 158 1960 239 χώρη

290 244 491 320 9ηὗτη
532 241 685 303 οὕτω.
771 242 884 302 οἷπό
928 242 987 302 δὲ
1028 241 1431 304 Ἡλιουπόλιος
1473 246 1529 304 ἐς
1564 239 1856 317 Θήβας,”’
1827 267 1960 302 εστι

343 331 626 395 ἀνάπλοος
667 331 822 391 ἐννέα
852 329 1119 408 ἡμερέων·
1161 328 1383 389 στάδιοι
1412 327 1473 388 δὲ
1504 331 1606 405 τῆς
1636 327 1786 399 οδοῧ,
1830 327 1958 405 ἐξή-

346 446 516 481 κοντα
563 419 654 477 καὶ
700 416 1025 478 ὀκτακόσιοι
1064 417 1161 476 καὶ
1201 415 1661 494 τετρακισχιᾍιοι,
1703 416 1959 496 σχοίνων

348 507 468 571 ἐνός
509 507 601 565 καὶ
642 504 957 587 ὀγδώκοντα
1000 503 1213 565 ἐόντων.
1285 501 1440 563 οὗτοι
1471 502 1856 581 συντιθέμενοι
1898 507 1959 564 οἱ

328 595 562 655 ’στάδιοι
592 592 892 675 Αἰγύπτου·
949 591 1018 653 τὰ
1047 594 1153 669 μὲν
1187 589 1343 668 παρὰ
1379 590 1683 652 θάλασσαν
1717 590 1827 668 ἤδη
1850 616 1959 669 μοι

348 683 438 741 καὶ
464 680 735 760 πρότερον
766 679 1070 755 δεδήλωται
1107 678 1194 740 ὅτι
1227 677 1527 748 ἑξακοσίων
1556 679 1622 740 τέ
1656 684 1781 740 ἐστι
1814 705 1955 741 στα-

346 771 475 830 δίων
508 770 599 831 καὶ
635 769 988 848 τρισχιλίων·
1049 793 1191 828 οσον
1223 767 1287 827 δέ
1313 792 1371 829 τι
1409 766 1523 828 α’πὸ
1556 767 1856 845 θαλάσσης
1898 773 1956 833 ἐς

347 856 661 940 μεσόγαιαν
699 858 869 936 μέχρι
908 856 1145 932 Θηβέων
1184 855 1326 926 ἐστὶ,
1375 856 1656 933 σημανέω·
1728 855 1955 916 στάδιοι

348 946 459 1028 γάρ
493 951 605 1007 εἰσι
641 945 820 1005 εἴκοσι
852 944 944 1005 καὶ
982 943 1177 1003 ἐκατόν
1210 944 1303 1003 καὶ
1335 942 1728 1024 ἑξακισχίλιοι·
1779 969 1848 1004 το
1891 944 1955 1004 δὲ

346 1034 460 1096 άπο
514 1035 750 1112 Θηβέων
803 1039 859 1098 ἐς
907 1032 1315 1108 Ἐλεφαντίνην
1368 1032 1711 1111 καλεομένην
1759 1030 1950 1106 πόλιν,

348 1124 570 1186 στάδιοι
608 1124 788 1203 χίλιοι
828 1122 920 1181 καὶ
954 1118 1284 1181 ὄκτακόσιοί
1320 1124 1450 1179 εἰσι.

255 1215 329 1273 10
427 1212 644 1289 Ταύτης
670 1209 745 1272 ὧν
778 1214 881 1285 τῆς
903 1207 1089 1289 χώρης
1112 1211 1216 1284 τῆς
1249 1208 1535 1286 εἰρημένης
1558 1205 1596 1284 ἦ
1621 1205 1833 1283 πολλὴ,
1854 1233 1953 1268 κα-

351 1301 530 1379 τάπερ
558 1304 613 1360 οἰ
650 1299 789 1376 ἱρέες
815 1299 1026 1378 ἔλεγον,
1054 1294 1240 1356 ἐδόκεε
1270 1297 1331 1356 δὲ
1373 1296 1467 1356 καὶ
1492 1294 1638 1375 αὐτῷ
1668 1320 1770 1373 μοι
1810 1295 1954 1358 εἶναι

352 1385 1056 1466 ἐπίκτητός,Αἰγυπτίοισι.
1136 1387 1247 1444 τῶν
1285 1384 1396 1465 γοῖρ
1423 1381 1625 1460 οὐρέων
1656 1385 1766 1443 τῶν
1807 1386 1953 1462 εἰρη-

346 1477 523 1554 μένων
545 1478 655 1536 τῶν
677 1473 816 1551 ὑπὲρ
842 1472 1084 1549 Μέμφιν
1123 1470 1295 1534 πόλιν
1336 1471 1594 1548 κειμένων
1632 1469 1700 1531 τό
1739 1471 1954 1548 μεταξι)

312 1637 318 1643 .
353 1562 613 1641 ἐφαίνετό
655 1587 754 1639 μοι
798 1559 941 1621 εἶναί
973 1584 1103 1620 κοτε
1147 1559 1359 1623 κόλπος
1402 1557 1718 1635 θαλάσσης,
1759 1557 1952 1638 ὥσπερ

349 1652 421 1713 τά
444 1678 507 1712 τε
530 1651 658 1729 περὶ
687 1647 870 1722 Ἴλιον
895 1647 988 1707 καὶ
1012 1647 1353 1725 Τευθρανίην
1379 1646 1474 1706 καὶ
1487 1645 1744 1723 Ἔφεσόν
1768 1671 1831 1707 τε
1856 1649 1954 1708 καὶ

353 1739 680 1817 Μαιάνδρου
704 1737 922 1808 πεδίον,
952 1734 1023 1800 ὥς
1047 1761 1117 1817 γε
1143 1735 1284 1797 εἶναι
1319 1733 1536 1814 σμικροὶ
1564 1739 1740 1795 ταῦτα
1777 1736 1952 1818 μεγά-

346 1834 509 1890 λοισι
528 1825 899 1905 συμβαλέειν·
938 1829 1049 1885 τῶν
1064 1823 1176 1906 γὰρ
1194 1827 1372 1885 ταῦτα
1392 1823 1466 1884 τοὶ
1488 1823 1667 1903 χωρία
1689 1849 1954 1904 προσχω-

348 1917 567 1978 σάντων
616 1917 901 1992 ποταμῶν,
949 1913 1030 1973 ἐνὶ
1071 1915 1184 1972 τῶν
1234 1911 1533 1989 στομάτων
1580 1915 1683 1971 τοῦ
1735 1911 1955 1973 Νείλου

350 2004 535 2070 ἐόντος
586 2000 995 2080 πενταστόμου,
1050 1999 1228 2064 οὐδεὶς
1287 1999 1468 2061 αὐτῶν
1519 1997 1770 2075 πλήθεος
1819 2001 1955 2079 περὶ

349 2092 504 2163 ἄξιος
528 2090 941 2170 συμβληθῆναί
964 2093 1107 2149 ἐστι.
1166 2087 1279 2148 εἰσὶ
1303 2087 1363 2147 δὲ
1389 2087 1482 2147 καὶ
1507 2084 1679 2147 ἄλλοι
1703 2089 1955 2164 ποταμοὶ

350 2181 416 2242 οὗ
454 2181 596 2242 κατὰ
634 2179 734 2242 τόν
776 2181 990 2239 Νεῖλον
1026 2175 1208 2239 ἐόντες
1237 2174 1503 2257 μεγάθεα,
1548 2172 1607 2234 οἴ
1634 2199 1780 2238 τινες
1813 2175 1955 2257 ἔργα

348 2269 752 2348 ι’ποδεξάμενοι
794 2266 1021 2348 μεγάλα
1068 2265 1200 2325 εἰσί·
1257 2268 1371 2325 τῶν
1421 2262 1527 2345 ἐγώ
1581 2261 1804 2341 φράσαι
1843 2265 1954 2344 ἔχω

352 2359 652 2438 οὐνόματα,
681 2356 773 2416 καὶ
813 2355 1005 2415 ἄλλων
1030 2354 1125 2413 καὶ
1167 2351 1267 2413 οὐκ
1307 2350 1515 2427 ἥκιστα
1542 2350 1849 2431 Ἀχελῶου·
1890 2350 1956 2417 ὃς

348 2449 487 2525 ῥέων
530 2446 598 2507 δι’
637 2444 1000 2522 Ἀκαρνανίης
1046 2443 1139 2500 καὶ
1186 2441 1344 2510 ἐξιεὶς
1391 2445 1446 2504 ἐς
1492 2438 1798 2502 θάλασσαν
1837 2443 1945 2502 τῶι

346 2534 649 2613 Ἐχινάδων
673 2531 860 2608 νήσων
876 2531 977 2594 τοὶς
1000 2528 1242 2606 ἡμίσεας
1266 2527 1373 2606 ἤδη
1398 2525 1629 2607 ἤπειρον
1658 2527 1953 2604 πεποίηκε.

263 2621 291 2678 1
304 2620 512 2682 ΓΈστι
533 2622 594 2680 δὲ
616 2624 716 2696 τῆς
733 2619 1010 2695 Ἀραβίης
1034 2617 1237 2695 χώρης,
1264 2616 1549 2699 Αἰγύπτου
1570 2616 1630 2675 δὲ
1650 2613 1714 2675 οὗ
1734 2615 1953 2694 πρόσω,

355 2709 566 2773 κόλπος
592 2706 891 2783 θαλάσσης
915 2705 1128 2783 ἐσέχων
1153 2709 1215 2763 ἐκ
1250 2708 1352 2781 τῆς
1388 2703 1659 2783 Ἐρυθρῆς
1684 2706 1953 2781 καλεομέ-

350 2823 447 2874 νης
488 2795 805 2871 θαλάσσης,
831 2791 1043 2872 μακρός
1086 2791 1229 2852 οὕτω
1272 2790 1342 2868 δή
1381 2817 1439 2852 τι
1479 2792 1572 2851 καὶ
1613 2791 1835 2855 στεινός
1880 2790 1955 2856 ὦς

352 2887 586 2966 ἔρχομαι
625 2882 882 2962 φράσων·
921 2880 1123 2958 ’μῆκος
1166 2882 1271 2958 μὲν
1316 2879 1517 2950 πλόου,
1563 2877 1851 2959 ἀρξαμένῳ
1891 2885 1955 2940 ἐκ

349 2977 533 3053 μυχοῦ
573 2972 917 3031 διεκπλῶσαι
943 2974 998 3033 ἐς
1030 2968 1137 3045 τὴν
1179 2966 1370 3045 εὗρέην
1403 2966 1722 3038 θάλασσαν,
1747 2967 1957 3045 ἡμέραι

347 3060 773 3138 ἀναισιμοῦνται
810 3055 1229 3134 τεσσεράκοντα
1263 3056 1472 3133 εἰρεσίῃ
1512 3055 1826 3134 χρεωμένῳ·
1867 3054 1954 3117 εὖ·

344 3173 462 3225 ρος·
480 3148 557 3219 δὲ,
581 3153 654 3226 τῇ
696 3143 988 3224 εὖρύτατός
1028 3149 1155 3203 ἐστι
1196 3141 1228 3202 ὅ
1271 3143 1498 3212 κόλπος,
1523 3140 1702 3219 ἥμισυ
1741 3142 1957 3219 ἡμέρης

350 3231 552 3295 πλόου·
608 3235 778 3313 ῥηχίη
819 3232 867 3294 δ’
904 3236 964 3291 ἐν
1005 3228 1154 3309 αὐτῷ
1195 3229 1289 3289 καὶ
1326 3226 1574 3308 ἄμπωτις
1596 3228 1717 3290 ἀ’ναῖ
1755 3234 1957 3293 πᾶσαν
