2184 3517
328 103 459 150 56—
471 100 554 164 σο]
1004 102 1272 154 οΑΔΕΙΑ.
1836 106 1933 172 229

329 181 584 257 Σιφνίων
618 181 840 242 αὖτοῖσι
865 186 919 242 οἳ
947 180 1153 258 Σάμιοι
1176 180 1307 247 τούς
1330 181 1544 261 χῶρους
1568 181 1748 244 αὐτῶν
1775 182 1936 261 ἐπόρ-

326 269 485 330 θεον·
526 268 830 346 πυθόμενοι
867 269 913 330 δ’
944 269 1061 333 ἰθύς
1084 266 1224 345 ἧκον
1248 273 1303 330 οἰ
1335 270 1560 345 Σίφνιοι
1584 271 1936 346 βοηθέοντες,

326 358 431 417 καὶ
456 356 851 435 συμβαλόντες
868 357 1089 418 αὖτοῖσι
1109 357 1465 433 ἑσσώθησαν·
1493 357 1585 416 καὶ
1601 357 1780 418 αὐτῶν
1794 364 1934 418 πολ-

322 444 436 505 λοὶ
457 445 926 520 ἀπεκληίσθησαν
944 448 1045 505 τοῦ
1071 442 1275 508 ἄστεος
1299 444 1410 505 &vra
1437 449 1547 506 τῶν
1568 445 1809 521 Σαμίων·
1845 447 1937 505 καὶ

323 531 536 598 αὐτοῦς
558 532 703 610 μετὰ
728 536 903 593 ταῦτα
936 532 1135 593 ἐκατὸν
1158 533 1410 604 τάλαντα
1438 534 1698 610 ἔπρηξαν.
1767 534 1935 612 Παροῖ
1951 538 2029 596 59

324 620 398 681 δὲ
447 620 778 698 Ἑρμιονέων
831 624 1009 695 νῆσον
1061 618 1186 680 σ’,ντὶ
1236 621 1537 699 χρημάτων
1581 623 1932 699 παρέλαβον,

320 707 566 786 Ὑδρέην
603 706 711 784 τήν
746 709 838 768 ἐπὶ
883 707 1324 787 Πελοποννήσῳ,
1357 710 1450 768 καὶ
1495 708 1667 786 αὐτὴν
1706 712 1933 788 Τροιζη-

322 794 508 858 νίοισι
558 797 1023 873 παρακατέθεντο·
1092 795 1254 857 αὐτοὶ
1299 796 1359 864 δὲ
1405 797 1690 873 Κυδωνίην
1731 798 1834 874 τήν
1877 805 1936 861 ἐν

322 884 536 963 Κρήτῃ
568 885 811 956 ἔκτισαν,
843 884 943 944 οὐκ
980 884 1073 944 ἐπὶ
1104 883 1281 963 τούτῳ
1317 884 1600 954 πλέοντες,
1633 884 1791 945 οἷλλοὶ
1825 893 1929 948 Ζα-

322 973 587 1037 κυνθίους
628 973 943 1042 ἐξελοῦντες
985 977 1047 1034 ἐκ
1099 975 1201 1046 τῆς
1252 971 1448 1046 νήσου·
1517 973 1736 1047 ἔμειναν
1788 973 1835 1033 δ’
1878 980 1936 1035 ἐν

318 1058 509 1140 ταύτῃ
552 1060 645 1121 καὶ
687 1059 1094 1136 εὐδαιμόνησαν
1136 1058 1220 1120 ἐπ’
1254 1060 1378 1118 ἔτεα
1419 1060 1604 1120 πέντε·
1652 1059 1823 1142 [ὥστε
1862 1061 1936 1122 τὰ

322 1145 433 1224 ἱροὶ
458 1148 531 1208 ‘ra‘-
563 1153 620 1208 ἐν
654 1146 908 1225 Κυδωνίῃ
942 1146 1106 1207 ἐόντα
1143 1151 1238 1208 νῦν
1264 1144 1424 1206 οὗτοί
1446 1151 1559 1207 εἰσι
1584 1151 1640 1207 οἰ
1663 1147 1935 1223 ποιήσαν-

318 1259 427 1298 τες
452 1236 544 1294 καὶ
567 1235 668 1297 τᾶν
690 1239 791 1310 τῆς
817 1235 1088 1311 Δικτύνης
1114 1233 1294 1316 νηόν]
1333 1235 1475 1314 ἕκτῳ
1499 1235 1559 1294 δὲ
1585 1236 1693 1296 ἔτεϊ
1711 1239 1935 1316 Αἰγινῆ-

318 1347 429 1383 ται
446 1322 643 1387 αὐτοῦς
661 1323 941 1402 ναυμαχίῃ
958 1320 1283 1399 νικήσαντες
1293 1321 1777 1400 ἠνδραποδίσαντο
1790 1325 1935 1400 μετοί

323 1414 591 1486 Κρητῶν·
633 1410 725 1470 καὶ
758 1415 869 1470 τῶν
894 1414 1038 1486 νηῶν
1063 1411 1330 1487 καπρίους
1364 1411 1643 1491 ἐχουσέων
1667 1411 1767 1475 τοὶς
1789 1411 1933 1489 πρῶ-

321 1521 437 1574 ρας
459 1497 901 1575 ἠκρωτηρίασαν,
921 1498 1016 1557 καὶ
1039 1496 1316 1558 ἀνέθεσαν
1335 1503 1391 1561 ἐς
1413 1498 1482 1559 τδ
1510 1497 1630 1576 ἰρόν
1643 1502 1745 1574 τῆς
1768 1498 1933 1576 Ἀθη-

324 1586 491 1661 ναίης
516 1591 575 1647 ἐν
601 1586 821 1668 Αἰγίνῃ.
880 1588 1056 1645 ταῦτα
1081 1584 1196 1645 δὲ’
1169 1586 1443 1694 εποίησαν
1463 1588 1692 1667 ἔγκοτον
1718 1588 1936 1665 ἔχοντες

326 1674 605 1751 Σαμίοισι
624 1677 936 1755 Αἰγινηται·
962 1671 1228 1750 πρότεροι
1250 1672 1361 1753 γὰρ
1389 1672 1646 1751 Σάμιοι’
1620 1673 1704 1734 επ’
1728 1673 1932 1751 Ἀμφι-

326 1760 564 1837 κράτεος
601 1758 1011 1838 βασιλευοντος
1046 1765 1107 1821 ἐν
1133 1760 1304 1839 Σάμω
1336 1761 1815 1840 σγρατευσοῖμενοι
1851 1760 1935 1821 ἐπ’

323 1849 586 1928 Αἴγιναν,
616 1848 844 1929 μεγάλα
874 1848 1016 1908 κακοὶ
1051 1849 1328 1925 ἐποίησαν
1361 1848 1663 1930 Αἰγινήτας
1689 1849 1780 1908 καὶ
1806 1850 1935 1909 ἔπα-

326 1935 494 1996 Oov‘
461 1935 554 1995 mr’
582 1936 815 1997 ἐκείνων.
882 1962 920 2012 η
945 1938 1051 2013 μὲν
1075 1937 1226 2013 αἰτίη
1251 1935 1411 2012 αὕτη.

415 2022 698 2101 Ἐμήκυνα
738 2024 797 2083 δὲ
835 2025 965 2102 περὶ
1006 2024 1232 2101 Σαμίων
1261 2024 1576 2102 μᾶλλον,”
1543 2050 1630 2086 οτι
1661 2029 1775 2100 σφι
1808 2025 1936 2102 τρία
1953 2025 2030 2086 60

327 2110 462 2173 ἐστὶ
493 2113 739 2194 μέγιστα
775 2111 1038 2195 ἁπάντων
1072 2110 1366 2189 Ἑλλήνων
1405 2112 1804 2193 ἐξεργασμένα·
1846 2112 1935 2172 οὔ·

323 2199 459 2278 ρεός
495 2225 559 2260 τε
597 2198 819 2278 ὖψηλοῦ
860 2205 916 2265 ἐς
951 2200 1297 2276 πεντήκοντα
1331 2200 1424 2259 καὶ
1462 2198 1658 2266 ἔκατόν
1684 2199 1930 2280 ὀργυιᾶς,

324 2287 534 2348 τούτου
560 2286 779 2369 ὄρυγμα
806 2287 1050 2349 κάτωθεν
1077 2286 1389 2366 ἀρξάμενον
1414 2286 1801 2363 α’μφίστομον.
1867 2287 1935 2348 τὸ

322 2375 439 2452 μὲν
472 2379 653 2452 μῆκος
691 2380 793 2436 τοῦ
831 2375 1147 2457 ὀρύγματος
1187 2375 1328 2436 ἑπτὰ
1368 2373 1594 2434 στάδιοί
1627 2378 1755 2444 εἰσι,
1780 2374 1848 2435 ‘td
1874 2375 1936 2435 δὲ

324 2462 473 2540 ὕψος
511 2464 606 2523 καὶ
647 2489 805 2541 ευρος
830 2462 972 2525 ὄκτω
1000 2462 1261 2540 ἔκατερον
1285 2462 1472 2526 πόδες·
1515 2460 1606 2522 διοί
1633 2461 1841 2525 παντὸς
1875 2464 1936 2523 δὲ

324 2549 506 2611 αυτοῦ
550 2550 702 2612 ἄλλο
742 2550 960 2634 ὄρυγμα
1009 2552 1343 2631 εἰκοσίπηχυ
1388 2550 1573 2627 βάθος
1614 2550 1935 2629 ορῶρυκται,

324 2638 564 2715 τρίπουν
589 2638 650 2699 δὲ
673 2639 738 2701 τὸ
767 2639 942 2716 εὖρος·
983 2639 1052 2700 δι’·
1072 2665 1141 2699 ου
1163 2639 1230 2700 τὰ
1256 2638 1458 2717 ὕδωρ’
1426 2639 1820 2719 οχετευόμενον
1845 2638 1937 2699 διὰ

325 2725 605 2802 σωλήνων
644 2727 1006 2808 παραγίνεται
1043 2732 1101 2791 ἐς
1139 2727 1243 2803 τήν
1282 2727 1470 2798 πόλιν,
1508 2728 1785 2810 ἀγόμενον
1820 2754 1936 2794 απο

324 2813 588 2894 μεγάλης
609 2818 814 2896 ’πηγῆς-
847 2814 1183 2895 ἀρχιτέκτων
1198 2816 1259 2875 δὲ
1276 2820 1376 2878 τοῦ
1401 2815 1716 2897 ὀρύγματος
1737 2816 1938 2877 τούτου

327 2901 554 2982 ἐγένετο
593 2902 886 2983 Μεγαρεύς
924 2901 1244 2966 Εὐπαλῖνος
1284 2903 1694 2980 Ναυστρόφου,Δ
1771 2907 1937 2966 τοῦτο

323 2991 437 3068 μὲν
462 2989 532 3066 δή
561 2991 619 3049 ἓν
642 2993 754 3056 τῶν
783 2994 951 3066 τριῶν
976 2990 1120 3049 ἐστί.
1188 2988 1442 3067 δεύτερον
1467 2991 1543 3060 δὲ,
1570 2992 1713 3068 περὶ,
1736 2991 1940 3068 λιμένα

321 3080 499 3159 χῶμα
526 3082 585 3137 ἐν
611 3076 888 3156 θαλάσσῃ
913 3076 1099 3153 βάθος
1135 3100 1277 3135 κατα
1303 3077 1483 3135 εἴκοσι
1508 3076 1792 3158 ὀργυιέων·
1832 3081 1939 3154 μῆ-

324 3190 429 3227 κος
469 3165 530 3224 δὲ
565 3168 670 3225 τοῦ
709 3164 967 3245 χώματος
1002 3162 1173 3239 μεζον
1198 3162 1295 3221 δύο
1322 3164 1582 3224 σταδίων.
1605 3185 1611 3192 ·
1648 3165 1838 3242 τρίτον
1877 3163 1942 3223 δέ

321 3257 447 3329 σφι
463 3245 799 3335 ἐξέργασται
816 3250 947 3326 νηὸς
963 3249 1235 3331 μέγιστος
1248 3247 1470 3318 πάντων
1488 3255 1632 3327 νηῶν
1651 3256 1761 3313 τῶν
1780 3251 1939 3329 ἡμεῖς
