2184 3517
314 97 603 163 111—116]
941 99 1398 150 MEAIIOMENH.
1828 108 1921 154 325

309 183 493 240 ταῦτα
517 177 660 256 πρός
678 176 811 242 τοῦς
833 178 1087 242 λοιπούς·
1114 182 1186 257 τῇ
1214 179 1273 238 δὲ
1300 179 1583 260 δευτεραίῃ
1606 180 1752 258 ἦλθε
1779 188 1835 247 ἐς
1857 184 1924 245 τό

311 268 539 378 χωρίον
549 264 716 329 αὐτός
741 291 804 325 τε
832 263 1008 336 οὗτος,
1033 266 1130 325 καὶ,
1154 267 1340 343 ἕτερον
1365 266 1485 350 ἦγε,
1507 270 1600 328 καὶ
1625 271 1729 346 τήν
1751 270 1923 349 Ἀμα-
1949 286 1958 291 '

312 354 449 427 ζόνα
478 353 604 432 εὗρε
630 354 888 430 δευτέρην
916 353 1090 429 αυτὴν
1115 355 1523 432 ὑπομένουσαν·
1567 361 1621 417 οἱ
1646 359 1706 417 δὲ
1731 362 1926 420 λοιποὶ

310 443 595 520 νεηνίσκοι
629 441 702 504 ὥς
733 441 1004 502 ἐπύθοντο
1034 445 1212 503 ταῦτα
1245 444 1338 503 καὶ
1362 444 1522 505 αὐτοὶ
1548 446 1924 508 ἐκτιλώσαντο

309 557 416 595 τας
442 530 646 593 λοιποὶς
664 533 775 591 τῶν
800 528 1139 607 Ἀμαζόνων.
1213 531 1379 591 Μετα
1405 532 1480 605 δὲ,
1509 534 1884 611 συμμίξαντες
1904 537 2019 595 114

307 645 385 680 τα
426 617 782 697 στρατόπεδα
824 617 1005 679 οἴκεον
1044 617 1203 695 ὁμοῦ,
1233 623 1469 700 γυναῖκα
1510 623 1649 700 ἔχων
1689 622 1924 687 ἕκαστος

309 733 525 784 ταυτην
558 710 631 787 τῇ
661 733 728 767 το
758 709 980 784 πρῶτον
1013 708 1345 787 συνεμίχθη·
1386 708 1490 783 τήν
1517 709 1576 768 δὲ
1603 710 1794 786 φωνήν
1819 710 1920 786 τήν

307 796 417 871 μὲν
461 800 571 857 τῶν
611 798 885 877 γυναικῶν
929 797 984 854 οἱ
1027 792 1218 872 ἄνδρες
1259 794 1359 855 οὐκ
1400 797 1654 857 ἐδυνέατο
1699 799 1915 875 μαθεῖν,

308 908 417 959 την
445 885 505 945 δὲ
529 888 639 944 τῶν
665 882 878 959 ἀνδρῶν
905 886 963 942 αἱ
997 886 1253 963 γυναῖκες
1288 884 1631 962 συνέλαβον.
1715 888 1835 946 ἐπεὶ
1861 888 1921 946 δὲ

311 976 565 1048 συνῆκαν
607 971 894 1048 ἀλλήλων,
923 971 1122 1040 ἔλεξαν
1143 971 1286 1048 πρὸς
1308 971 1410 1035 τοὶς
1447 972 1758 1049 Ἀμαζόνας
1786 974 1922 1035 τάδε

310 1063 368 1120 οἶ
412 1058 624 1136 ἅνδρες·
668 1059 856 1137 “ήμῖν
899 1060 1010 1119 εἰσὶ
1051 1061 1158 1137 μὲν
1196 1060 1397 1130 τοκέες,
1431 1062 1542 1120 εἰσὶ
1582 1062 1642 1120 δὲ
1677 1062 1920 1138 κτήσεις·

309 1151 410 1208 νῦν
448 1146 521 1208 ὧν
551 1149 750 1225 μηκέτι
785 1152 1000 1209 πλεῦνα
1035 1147 1239 1227 χρόνον
1273 1147 1405 1224 ζόην
1436 1147 1655 1223 τοιήνδε
1691 1151 1920 1228 ἔχωμεν·

309 1233 448 1295 ἀλλ’
477 1234 818 1299 ἀπελθόντες
845 1241 899 1298 ἐς
924 1234 992 1296 τό
1019 1237 1242 1311 πλῆθος
1268 1235 1619 1312 διαιτώμεθα·
1659 1241 1922 1316 γυναῖκας

309 1322 373 1382 δὲ
417 1323 614 1400 ἕξομεν
652 1323 840 1401 ὖμέας,
869 1324 963 1383 καὶ
998 1322 1271 1400 οὖδαμέας
1301 1321 1533 1386 ἄλλας.”
1613 1327 1671 1383 αἱ
1697 1324 1757 1383 δὲ
1780 1324 1921 1402 πρὸς

307 1415 491 1471 ταῦτα
524 1412 719 1482 ἔλεξαν
744 1411 896 1471 τάδε·
941 1421 976 1448 “
991 1411 1152 1488 ἡμεῖς
1179 1411 1280 1471 οὐκ
1304 1409 1374 1472 ἂν
1401 1412 1701 1489 δυναίμεθα
1726 1414 1922 1474 οἰκέειν

306 1499 457 1576 μετοὶ
483 1504 594 1561 τῶν
618 1500 896 1577 ὑμετέρων
921 1504 1213 1581 γυναικῶν·
1241 1499 1306 1560 οὗ
1331 1500 1441 1580 γὰρ
1461 1499 1533 1559 w)
1554 1500 1696 1561 αὐτοὶ
1715 1499 1919 1578 νόμαια

307 1586 448 1663 ἡμῖν
473 1613 537 1648 τε
562 1589 655 1648 καὶ
681 1588 903 1667 κείνῃσί
923 1594 1065 1648 ἐστι·
1106 1588 1268 1665 ἡμεῖς
1290 1591 1394 1666 μὲν
1418 1588 1715 1666 τοξεύομέν
1738 1616 1802 1649 τε
1828 1590 1921 1649 καὶ

310 1673 680 1753 οἷκοντίζομεν
714 1677 807 1735 καὶ
846 1676 1214 1753 ἱππαζόμεθα,
1246 1678 1381 1758 ἔργα
1417 1676 1476 1736 δὲ
1500 1677 1792 1759 γυναικήῖα
1818 1677 1918 1738 οὐκ

308 1763 614 1841 ἐμάθομεν·
671 1767 730 1824 αἱ
756 1764 815 1823 δὲ
841 1762 1100 1841 ὑμέτεραι
1125 1770 1377 1846 γυναῖκες
1400 1765 1608 1826 τούτων
1631 1768 1735 1842 μὲν
1760 1765 1918 1827 οὐδὲν

305 1855 424 1911 τῶν
463 1851 624 1929 ιἡμεῖς
666 1852 1038 1929 κατελέξαμεν
1077 1857 1320 1923 ποιεῦσι,
1354 1855 1489 1935 ἔργα
1529 1855 1588 1913 δὲ
1625 1854 1918 1935 γυναικήῖα

307 1940 640 2020 ἐργάζονται
665 1942 937 2018 μένουσαι
958 1944 1016 2000 ἐν
1041 1943 1181 2019 τῇσι
1201 1940 1468 2020 ἁμάξῃσι,
1488 1941 1600 2001 οὔτ’
1622 1943 1713 2001 ἐπὶ
1741 1940 1916 2018 θήρην

307 2030 503 2088 ἰοῦσαι
529 2027 655 2088 οὔτε
683 2027 837 2109 ἄλλῃ
866 2027 1102 2106 οὐδαμῇ·
1132 2027 1235 2087 οὐκ
1260 2025 1329 2088 ἂν
1354 2027 1429 2088 ὦν
1454 2030 1755 2106 δυναίμεθα
1782 2029 1916 2088 ἐκεί-

307 2141 448 2194 νῃσι
475 2118 890 2194 συμφέρεσθαι.
947 2115 1079 2175 ἀλλ’
1101 2119 1150 2175 εἰ
1175 2114 1466 2192 βούλεσθε
1485 2123 1745 2197 γυναῖκας
1772 2119 1918 2195 ἔχειν

305 2202 489 2280 ἡμέας
529 2206 621 2263 καὶ
662 2205 870 2264 δοκέειν
912 2203 1053 2264 εἶναι
1095 2202 1448 2273 δικαιότατοι,
1477 2204 1732 2268 ἐλθόντες
1762 2204 1915 2282 παρὰ

303 2290 443 2353 τοῦς
467 2293 663 2355 τοκέας
688 2291 1009 2370 ἀπολάχετε
1033 2295 1146 2351 τῶν
1179 2290 1471 2367 κτημάτων
1506 2291 1572 2350 τὰ
1595 2294 1783 2367 μέρος·
1827 2293 1917 2351 καὶ

306 2379 504 2439 ἔπειτα
529 2379 786 2443 ἐλθόντες
806 2381 1069 2456 οἰκέαηιεν
1087 2378 1181 2439 ἐπὶ
1199 2378 1384 2455 ἡμέων
1404 2377 1657 2443 αὖτέων·”
1694 2379 1878 2440 Ἐπεί·
1900 2383 1928 2439 1
1940 2382 2011 2438 15

306 2469 483 2529 θοντο
516 2468 609 2527 καὶ
641 2469 915 2544 ἐποίησαν
947 2473 1125 2528 ταῦτα
1162 2469 1217 2526 οἱ
1243 2467 1540 2543 νεηνίσκοι.
1623 2469 1750 2527 ἐπεί
1766 2494 1830 2528 τε
1856 2468 1916 2528 δὲ

305 2555 700 2636 ἀπολαχόντες
743 2560 854 2616 τῶν
900 2555 1193 2633 κτημάτων
1237 2554 1305 2615 τὰ
1352 2554 1688 2631 ἐπιβάλλον,
1737 2554 1917 2632 ἦλθον

305 2643 498 2706 ὀπίσω
525 2643 680 2720 παρὰ
704 2643 806 2707 τὰς
830 2642 1157 2721 Ἀμαζόνας,
1187 2642 1383 2713 ἔλεξαν
1410 2646 1470 2702 αἱ
1499 2647 1751 2725 γυναῖκες
1776 2643 1917 2721 πρὸς

303 2729 514 2796 αὐτοῦς
551 2731 703 2791 τάδε·
745 2742 782 2769 “
795 2731 972 2809 ἡμέας
1012 2732 1128 2809 ἔχει
1168 2731 1359 2808 φόβος
1395 2756 1459 2790 τε
1495 2732 1587 2789 καὶ
1612 2731 1747 2804 δέος,
1778 2730 1916 2795 ὅκως

302 2819 426 2900 χρὴ
464 2819 660 2880 οἰκέειν
698 2825 756 2879 ἐν
788 2819 926 2898 τῷδε
949 2823 1027 2899 τῷ
1058 2818 1237 2903 χώρῳ,
1264 2822 1431 2879 τοῦτο
1456 2821 1560 2895 μὲν
1584 2819 1755 2896 ὑμέας
1780 2818 1915 2879 αἶπο-

302 2907 676 2984 στερησάσας
700 2909 969 2986 πατέρων,
984 2912 1152 2968 τοῦτο
1179 2908 1238 2971 δὲ
1261 2906 1366 2984 τὴν
1390 2910 1500 2990 γῆν
1523 2907 1628 2983 τὴν
1645 2907 1916 2985 ὖμετέρην

298 2996 708 3072 δηλησαμένας
751 2994 966 3055 πολλά·
1021 2994 1156 3054 ἀλλ’
1198 2996 1322 3055 ἐπεί
1361 3022 1424 3056 τε
1470 2994 1691 3066 ἀξιοῦτε
1735 2995 1912 3074 ἡμέας

301 3087 578 3165 γυναῖκας
614 3086 776 3163 ἔχειν,
803 3082 935 3143 τάδε
970 3084 1187 3142 ποιέετε
1212 3081 1331 3159 ἅμα
1355 3083 1509 3161 ἡμῖν·
1552 3084 1768 3161 φέρετε,
1796 3083 1916 3154 ἐξα-

303 3172 634 3251 ναστέωμεν
661 3178 722 3231 ἐκ
745 3175 847 3247 τῆς
871 3175 977 3252 γῆς
999 3170 1194 3246 τῆσδε,
1223 3170 1315 3229 καὶ
1340 3169 1687 3248 περήσαντες
1711 3171 1917 3231 Τάναϊν

301 3260 573 3339 ποταμὸν
598 3257 910 3337 οἰκέωμεν·”
988 3257 1318 3320 Έπείθοντο
1345 3260 1439 3320 καὶ
1463 3263 1640 3322 ταῦτα
1670 3262 1726 3320 οἱ
1753 3286 1874 3339 νεη-
1894 3260 2006 3318 ll?
