2184 3517
313 160 377 210 38
904 140 1293 208 ‘'HPOAOTOT
1902 195 1921 210 .

316 238 406 299 καὶ
431 236 468 299 ὅ
494 238 600 314 μὲν
622 240 798 299 ταῦτα
823 239 1087 315 φρονέων,
1117 237 1189 302 οἷς
1224 235 1454 298 ἀπίκετο
1480 240 1535 301 ἐς
1563 236 1665 301 τάς
1697 235 1922 314 Σάρδις,

313 327 524 405 ἔπεμπε
549 325 789 403 κήρυκας
819 326 961 386 κατά
985 326 1087 389 τάς
1113 326 1439 404 συμμαχίας
1469 326 1834 402 προερέοντας
1860 331 1923 390 ἐς

311 416 569 491 πέμπτον
591 418 745 491 μῆνα
776 415 1222 495 συλλέγεσθαι’
1196 441 1251 477 ες
1285 412 1500 489 Σάρδις,
1527 412 1627 473 τόν
1659 412 1719 473 δὲ
1748 439 1923 491 παρε-

312 501 447 564 όντα
468 504 560 562 καὶ
584 501 978 581 μαχεσάμενον
997 527 1245 579 στρατον
1267 499 1602 581 Πέρσῃσι,“’
1568 526 1631 564 ος
1653 500 1725 576 ἦν
1743 500 1923 562 abrai>

312 591 558 661 ξεινικός,
578 590 761 650 πάντα
787 590 946 654 ἀπεὶς
970 591 1314 659 διεσκέδασε,
1337 588 1553 666 οὗδαμά
1575 588 1813 652 ἐλπίσας
1831 589 1922 666 μή

314 704 443 739 κοτε
480 677 589 757 ἄρα
628 677 1043 759 ἀγωνισάμενος
1090 677 1156 739 οἵ
1157 704 1234 738 τω
1279 677 1689 755 παραπλησίως
1728 681 1924 755 Κῦρος

316 767 508 827 ἐλάσει
535 766 626 826 ἐπὶ
653 766 874 843 Σάρδις.

217 857 297 918 78
394 859 582 915 Ταῦτά
622 855 997 935 ἐπιλεγομένῳ
1037 856 1272 934 Κροίσῳ
1315 852 1384 915 τὸ
1425 852 1764 932 προάστειον
1799 856 1922 915 πᾶν

312 942 490 1019 ὄφίων
542 941 884 1019 ἐνεπλήσθη·
941 943 1226 1020 φανέντων
1284 942 1344 1001 δὲ
1397 941 1591 1017 αὐτῶν,
1648 945 1702 1002 οἱ
1754 942 1924 1002 ἴππόι

312 1032 585 1109 μετιέντες
614 1030 714 1095 τάς
740 1031 913 1109 νομάς
944 1031 1213 1109 νέμεσθαι
1241 1030 1558 1107 φοιτέοντες
1588 1029 1921 1106 κατήσθιον.

316 1119 485 1181 ἰδόντι
520 1120 580 1180 δὲ
609 1124 777 1180 τοῦτο
813 1121 1061 1199 Κροίσῳ,
1100 1118 1290 1197 ὥσπερ
1328 1119 1420 1178 καὶ
1449 1116 1537 1194 ἦν,
1573 1118 1724 1189 ἔδοξε
1752 1118 1924 1196 τέρας

314 1209 471 1269 εἶναι·
524 1207 721 1269 αὐτίκα
752 1208 812 1268 δὲ
848 1209 1058 1285 ἔπεμπε
1101 1205 1447 1284 θεοπρόπους
1479 1211 1535 1269 ἐς
1568 1209 1678 1266 τῶν
1719 1206 1921 1287 ἐξηγη-

308 1298 446 1357 τέων
489 1295 890 1374 Τελμησσέων·
936 1295 1328 1370 ἀπικομένοισι
1374 1293 1440 1353 δὲΔ
1478 1296 1634 1354 τοῖσι
1681 1293 1921 1372 θεοπρό-

312 1410 490 1455 ποισι,
524 1385 616 1444 καὶ
654 1384 903 1461 μαθοῦσι
934 1382 1074 1461 πρὸς
1107 1382 1491 1459 Τελμησσέων
1523 1380 1591 1442 τό
1624 1382 1777 1442 θέλει
1812 1407 1922 1459 ση-

311 1473 525 1551 μαίνειν
548 1471 616 1532 τά
643 1472 820 1548 τέρας,
851 1497 951 1530 ουκ
984 1470 1263 1552 ἐξεγένετο
1296 1470 1529 1549 Κροίσῳ
1554 1469 1921 1551 ἀπαγγεῖλαι·

311 1561 444 1637 πρὶν
467 1559 578 1640 γάρ
605 1557 643 1635 ἢ
674 1557 858 1618 ὀπίσω
889 1559 1075 1634 σφέας
1106 1557 1442 1630 ἀναπλῶσαι
1478 1563 1532 1621 ἐς
1561 1558 1662 1621 τοὶς
1695 1558 1918 1635 Σάρδις,

313 1647 493 1724 ἥλω
461 1674 493 1707 o
522 1650 789 1724 Κροῖσος.
857 1647 1223 1723 Τελμησσέες
1247 1647 1352 1724 μέν
1376 1671 1465 1706 τοι
1489 1644 1678 1706 τάδε’
1648 1672 1919 1728 εγνωσαν,

313 1735 559 1813 στρατόν
593 1733 911 1812 ἀλλόθροον
950 1733 1335 1813 προσδόκιμον
1372 1733 1511 1795 εἶναι
1553 1736 1784 1814 Κροίσῳ
1825 1737 1920 1797 ἐπὶ

309 1823 413 1900 τὴν
457 1848 660 1902 χωρην,
703 1819 1038 1900 ἀπικόμενον
1078 1822 1140 1881 δὲ
1177 1826 1376 1883 τοῦτον
1423 1823 1920 1902 καταστρέψεσθαι

310 1937 440 1975 τους
492 1910 832 1990 ἐπιχωριους·
887 1911 1148 1992 λέγοντες
1200 1908 1336 1988 ὅφιν
1384 1910 1523 1970 εἶναι
1567 1915 1674 1993 γῆς
1722 1911 1916 1983 παῖδα,

316 1999 488 2059 ἵππον
506 1999 565 2058 δὲ
589 1997 863 2074 πολέμιόν
881 2024 943 2058 τε
971 1999 1064 2058 καὶ
1089 1997 1361 2073 ἐπήλυδα.
1423 2001 1788 2077 Τελμησσέες
1810 2001 1919 2077 μέν

315 2114 413 2149 νυν
449 2090 624 2148 ταῦτα
664 2086 1024 2164 ὖπεκρίναντο
1064 2088 1297 2166 Κροίσῳ
1325 2085 1435 2163 ἤδη
1465 2086 1724 2163 ἡλωκότι,
1756 2087 1920 2148 οὐδέν

232 2186 249 2237 ‚¹
320 2202 395 2235 κω
422 2175 622 2239 εἰδότες
644 2177 754 2236 τῶν
773 2173 843 2251 ἦν
862 2175 990 2251 περὶ
1017 2174 1219 2252 Σάρδις
1242 2200 1305 2235 τε
1332 2174 1424 2234 καὶ
1451 2174 1621 2236 αὐτᾶν
1640 2179 1915 2252 Κροῖσον.

265 2267 299 2324 9
401 2267 588 2342 Κῦρος
613 2263 688 2334 δὲ,
709 2261 907 2323 αὐτίκα
931 2261 1340 2326 ἀπελαύνοντος
1368 2262 1622 2340 Κροίσου
1646 2262 1789 2340 μετά
1811 2262 1916 2339 τήν

316 2352 505 2433 μάχην
533 2350 639 2429 τήν
665 2352 966 2434 γενομένην
997 2355 1057 2411 ἐν
1089 2353 1164 2428 τῇ
1196 2350 1426 2429 Πτερίῃ,
1453 2349 1647 2428 μαθων
1680 2350 1750 2415 ὥς
1781 2350 1917 2410 ἀπε-

316 2440 502 2505 λάσας
525 2442 734 2518 μέλλοι
759 2443 1010 2517 Κροῖσος
1041 2437 1339 2498 διασκεδᾶν
1363 2437 1463 2499 τόν
1489 2437 1748 2516 στρατόν,
1776 2440 1917 2515 βου-

314 2529 613 2606 λευόμενος
630 2526 850 2603 εὕρισκε
865 2525 1103 2606 πρῆγμά
1116 2528 1170 2584 οἳ
1187 2525 1326 2586 εἶναι
1342 2525 1589 2586 ἐλαύνειν
1605 2526 1675 2590 ὥς
1695 2525 1918 2587 δύναιτο

313 2615 559 2694 τάχιστα
586 2614 675 2674 ἐπὶ
692 2613 795 2678 τάς
815 2612 1033 2690 Σάρδις,
1047 2611 1232 2691 πρὶνῆ
1251 2614 1317 2674 τὸ
1339 2613 1594 2692 δεύτερον
1608 2613 1919 2691 ἁλισθῆναι

313 2707 424 2763 τῶν
452 2702 647 2762 Λυδῶν
674 2700 781 2777 τήν
813 2698 1061 2777 δύναμιν.
1145 2698 1218 2765 ὥς
1247 2701 1311 2761 δέ
1338 2706 1393 2763 οἱ
1420 2707 1597 2763 ταῦτα
1628 2702 1797 2772 ἔδοξε,
1825 2703 1920 2762 καὶ

316 2791 497 2850 ἐποίεε
526 2789 668 2850 κατοῖ
703 2788 892 2869 nixos·-
934 2787 1147 2854 ἐλάσας
1175 2789 1287 2869 γάρ
1317 2791 1416 2851 τόν
1448 2788 1694 2867 στρατόν
1730 2795 1786 2853 ἐς
1814 2791 1921 2866 τήν

234 2914 240 2919 -
314 2878 540 2954 Λυδίην,
569 2875 735 2941 affin-<3³
765 2876 1006 2958 ἅγγελος
1042 2879 1275 2956 Κροίσῳ
1311 2877 1597 2960 ἐληλύθεε.
1680 2878 1921 2939 ἐνθαῦτα

317 2971 567 3043 Κροῖσος
599 2971 654 3029 ἐς
689 2964 927 3043 ἀπορίην
962 2965 1191 3040 πολλὴν
1221 2963 1539 3045 ἀπιγμένος,
1567 2964 1639 3028 ὥς
1672 2968 1728 3025 οἳ
1765 2966 1922 3042 παρά

317 3052 485 3122 δόξαν
504 3055 640 3133 ἔσχε
665 3051 737 3113 τά
761 3052 1065 3133 πρήγματα
1089 3078 1128 3127 η
1155 3050 1227 3114 ὥς
1253 3051 1418 3114 αὐτὸς
1445 3051 1746 3123 κατεδόκεε,
1769 3052 1921 3130 ὅμως

315 3163 444 3203 τους
488 3139 702 3204 Λυδους
746 3141 909 3221 ἐξῆγε
956 3145 1012 3204 ἐς
1054 3138 1263 3246 μάχην.
1344 3137 1415 3213 ἦν
1463 3139 1521 3197 δὲ
1568 3144 1769 3200 τοῦτον
1814 3166 1919 3201 τον

315 3226 521 3304 χρόνον
561 3229 715 3292 ἔθνος
755 3228 910 3287 οὐδὲν
949 3233 1008 3286 ἐν
1046 3230 1120 3305 τῇ
1159 3225 1331 3302 Ἀσίῃ
1372 3251 1499 3285 ουτε
1539 3225 1921 3304 ἀνδρειότερον

320 3310 448 3372 οὔτε
472 3308 852 3390 ἀλκιμώτερον
879 3316 982 3372 τοῦ
1006 3310 1235 3371 Λυδίου·
1274 3310 1313 3384 ἤ
1346 3311 1407 3370 δὲ
1438 3311 1594 3388 μάχη
1621 3313 1820 3387 σφέων
1849 3313 1925 3388 ἦν
