2184 3517
347 115 412 164 98
968 114 1336 166 ἨΡΟΔΟΤΟΤ

345 190 611 275 αγάγοιεν
628 191 835 267 πάσας,
853 198 910 259 ἐς
929 194 989 256 ἓν
1011 195 1218 275 χωρίον
1237 193 1552 275 ἐσάγεσκον
1576 191 1767 258 ἀλέας·
1792 195 1961 272 πέριξ

345 279 409 341 δὲ
427 280 598 346 αὖτάς
625 283 824 344 ἵστατο
848 281 1048 361 ὅμιλος
1066 283 1300 361 ἀνδρῶν·
1327 281 1560 345 ἀνιστὰς
1578 282 1639 341 δὲ
1657 281 1804 342 κατὰ
1820 285 1961 359 μίαν

347 368 590 447 ἑκάστην
606 371 783 449 κήρυξ
794 372 1101 443 πωλέεσκε,
1117 374 1311 450 πρῶτα
1331 372 1434 448 μὲν
1447 369 1554 446 τὴν
1570 369 1961 448 εὐειδεστάτην
2014 398 2022 405 ·

345 461 410 520 ἐκ
460 460 704 531 πασέων,
755 460 900 537 μετὰ
950 460 1028 530 δὲ,
1070 458 1211 523 ὅκως
1260 457 1402 534 αὕτη
1444 457 1687 536 εὖροῦσα
1730 459 1961 521 πολλόν

254 551 265 618 Ῐ
342 548 583 627 χρυσίον
619 548 876 625 πρηθείη,
903 546 1090 625 ἀλλην
1124 546 1474 626 ἀνεκήρυσσε
1513 545 1553 622 ἢ
1590 545 1711 624 μετ’
1742 548 1961 624 ἐκείνην

347 635 480 695 ἔσκε
531 633 904 713 εὖειδεστᾶτη·
973 636 1290 712 ἐπωλέοντο
1344 637 1404 695 δὲ
1456 635 1551 695 ἐπὶ
1604 635 1957 711 συνοικήσει·

345 721 477 784 ὅσοι
498 726 604 802 μὲν
630 722 699 802 δή
726 725 894 786 ἔσκον
920 723 1237 802 εὐδαίμονες
1275 727 1386 785 τῶν
1418 724 1800 801 Βαβυλωνίων
1837 724 1960 784 ἐπί-

342 836 535 893 γαμοι,
560 811 1021 891 ῦπερβάλλοντες
1046 812 1340 889 ἀλλήλους
1365 810 1659 882 ἐξωνέοντο
1682 810 1785 875 τοὶς
1816 816 1958 872 καλ-

342 898 735 966 λιστευούσας·
795 899 926 963 ὅσοι
977 901 1038 962 δὲ
1085 905 1187 962 τοῦ
1230 900 1410 978 δήμου
1456 901 1625 961 ἔσκον
1669 901 1957 981 ἐπίγαμοι,

348 984 505 1050 οὗτοι
530 987 591 1050 δὲ
633 990 804 1054 εἴδεος
841 991 946 1068 μὲν
984 988 1144 1051 οὐδὲν
1170 988 1388 1050 ἐδέοντο
1413 990 1685 1068 χρηστοῦ,
1712 991 1768 1047 οἳ
1797 988 1844 1048 δ’
1887 987 1960 1050 ἂν

341 1075 608 1157 χρήματά
650 1104 715 1140 τε
760 1079 855 1138 καὶ
909 1078 1203 1158 αἰσχίονας
1247 1078 1558 1155 παρθένους
1603 1075 1956 1153 ἐλάμβανον·

345 1164 420 1229 ὥς
441 1165 554 1248 γὰρ
579 1166 854 1237 διεξέλθοι
877 1166 910 1228 ὁ
952 1165 1129 1244 κήρυξ
1165 1166 1399 1226 πωλέων
1425 1163 1528 1228 τοὶς
1568 1162 1958 1230 εὖειδεστάτας

341 1256 455 1316 τῶν
493 1255 798 1332 παρθένων,
842 1254 1044 1332 ἀνίστη
1086 1253 1157 1315 ἂν
1196 1253 1302 1330 τὴν
1344 1251 1785 1332 ἀμορφεστάτην
1823 1250 1864 1330 ἢ
1902 1255 1959 1314 εἴ

341 1367 428 1405 τις
478 1340 687 1403 αὐτέων
738 1343 986 1423 ἔμπηρος
1036 1341 1126 1420 ἦν,
1180 1342 1275 1402 καὶ
1323 1340 1538 1417 ταύτην
1581 1338 1951 1419 ἀνεκήρυσσε,

346 1427 507 1494 ὅστις
552 1430 714 1491 θέλοι
761 1430 1068 1509 ἐλάχιστον
1113 1429 1352 1510 χρυσίον
1395 1427 1597 1505 λαβὼν
1642 1429 1954 1491 συνοικέειν

344 1515 509 1597 αὐτῇ·
549 1521 605 1583 ἐς
630 1517 664 1580 ὃ
688 1523 766 1599 τῷ
788 1519 856 1580 τὰ
883 1517 1192 1598 ἐλάχιστον
1213 1517 1571 1596 ὑπισταμένῳ
1589 1517 1951 1594 προσεκέετο·

340 1604 410 1666 τὰ
435 1605 497 1666 δὲ
520 1602 593 1667 ἂν
629 1603 871 1687 χρυσίον
911 1608 1127 1690 ἐγίνετο
1151 1604 1265 1667 ἀπὸ
1303 1609 1416 1667 τῶν
1459 1603 1705 1665 εὐειδέων
1743 1606 1953 1684 παρθέ-

341 1718 467 1757 νων·
509 1695 601 1756 καὶ
627 1694 770 1757 οὕτω
796 1698 856 1756 αἱ
882 1694 1160 1773 εὔμορφοι
1183 1694 1285 1758 τὰς
1327 1692 1623 1771 ἀμόρφους
1651 1692 1749 1753 καὶ
1775 1693 1953 1773 ἐμπή-

340 1808 474 1861 ρους
499 1784 838 1856 ἐξεδίδοσαν.
919 1784 1173 1844 ἐκδοῦναι
1202 1782 1264 1842 δὲ
1293 1781 1398 1858 τὴν
1430 1784 1632 1842 ἑωυτοῦ
1672 1781 1953 1863 θυγατέρα

342 1869 480 1951 ὅτεῳ
502 1872 778 1950 βούλοιτο
806 1872 1043 1935 ἕκαστος
1067 1871 1171 1930 οὔκ
1196 1870 1341 1946 ἐξῆν,
1363 1868 1491 1930 οὐδὲ
1516 1867 1646 1930 ἄνευ
1672 1872 1953 1951 ἐγγυητέω

342 1957 742 2042 ἀπαγαγέσθαι
775 1958 884 2036 τήν
920 1958 1202 2037 παρθένον
1229 1957 1552 2037 πριάμενον,
1578 1955 1711 2017 ἀλλ’
1753 1962 1953 2040 ἐγγυη-

341 2046 444 2110 τάς
485 2051 633 2127 χρῆν
678 2046 1117 2124 καταστήσαντα
1161 2046 1201 2124 ἦ
1246 2046 1361 2125 μὴν
1402 2043 1763 2123 συνοικήσειν
1806 2045 1952 2127 αῦτῇ

343 2133 485 2195 οὕτω
517 2134 860 2217 ἀπάγεσθαι·
907 2138 957 2195 εἰ
989 2135 1051 2196 δὲ
1080 2134 1165 2214 μὴ
1201 2135 1608 2213 συμφεροίατο,
1642 2132 1950 2212 ἀποφέρειν

340 2222 409 2284 τό
453 2224 692 2304 χρυσίον
733 2224 917 2286 ἐκέετο
960 2223 1152 2303 νόμος.
1233 2224 1367 2299 ἐξῆν
1412 2221 1475 2282 δὲ
1521 2222 1617 2282 καὶ
1661 2221 1726 2293 ἐξ
1766 2221 1951 2300 ἄλλης

341 2311 581 2374 ἐλθόντα
621 2313 808 2393 κώμης
845 2312 950 2375 τᾶν
986 2310 1346 2391 βουλόμενον
1390 2308 1676 2371 ὠνέεσθαι.
1703 2365 1706 2370 .
1758 2310 1795 2371 ὅ
1842 2311 1951 2389 μέν

340 2424 440 2461 νυν
463 2400 775 2467 κάλλιστος
798 2401 969 2480 νόμος
994 2398 1159 2466 οὗτός
1184 2405 1299 2477 σφι
1323 2398 1413 2477 ἦν·
1447 2398 1513 2459 οὗ
1538 2398 1733 2478 μέντοι
1758 2402 1859 2460 νῦν
1879 2425 1950 2482 γε

339 2487 622 2550 διετέλεσε
660 2489 776 2551 ἐών.
847 2490 997 2550 ἄλλο
1031 2489 1098 2550 δέ
1123 2514 1182 2550 τι
1208 2486 1538 2565 ἐξευρήκασι
1566 2487 1770 2548 νεωστὶ
1799 2489 1948 2571 γενέ·

340 2577 495 2648 σθαι,
538 2577 629 2638 ἴνα
660 2577 744 2655 μή
789 2577 1029 2639 ἀδικοῖεν
1067 2576 1239 2643 αὗτάς
1279 2575 1409 2655 μήδ’
1449 2580 1504 2640 ἐς
1543 2576 1734 2654 ἑτέρην
1777 2576 1950 2639 πόλιν

339 2661 601 2744 ἄγωνται·
642 2665 769 2726 ἐπεί
787 2691 851 2727 τε
873 2663 986 2748 γὰρ
1013 2664 1245 2730 α’λόντες
1269 2663 1634 2741 ἐκακώθησαν
1671 2663 1767 2723 καὶ
1806 2668 1950 2726 οἷκο-

341 2750 734 2830 φθορήθησαν,
787 2757 900 2817 πᾶς
949 2778 1036 2818 τις
1081 2757 1186 2814 τοῦ
1239 2752 1418 2832 δήμου
1477 2752 1614 2830 βίου
1667 2753 1950 2825 σπανίζων

251 2839 363 2901 197
384 2840 779 2924 καταπορνεύει
800 2841 874 2903 τὰ
897 2841 1078 2919 θήλεα
1101 2839 1285 2902 τέκνα.
1353 2839 1629 2918 Δεύτερος
1666 2840 1728 2901 δὲ
1767 2841 1951 2921 σοφίῃ

340 2925 437 2988 ὅδε
470 2926 655 2991 ’ἄλλος
698 2935 813 3006 σφι
847 2928 1018 3007 νόμος
1060 2926 1412 3005 κατεστήκεε·
1467 2926 1599 2993 τοῦς
1639 2926 1951 3006 κάμνοντας

341 3017 399 3077 ἒς
447 3014 553 3092 τήν
604 3014 818 3098 ἀγορήν
871 3017 1226 3095 ἐκφορέουσι·
1288 3015 1354 3077 οὖ
1404 3015 1516 3097 γὰρ
1563 3015 1632 3093 δή
1677 3017 1951 3096 χρέωνται

343 3102 603 3178 ἰητροῖσι·
640 3103 972 3181 προσιόντες
1018 3102 1094 3165 ὧν
1132 3104 1275 3182 πρὸς
1317 3102 1417 3164 τᾶν
1457 3102 1758 3180 κάμνοντα,
1806 3130 1951 3181 συμ-

342 3185 689 3259 βουλεύουσι
727 3192 858 3274 περὶ
879 3196 982 3268 τῆς
1006 3190 1232 3263 νούσου,
1259 3191 1313 3251 εἴ
1347 3215 1433 3253 τις
1459 3191 1551 3250 καὶ
1576 3188 1745 3254 αῦτός
1769 3193 1952 3252 τοιοῦ-

341 3291 444 3329 τον
460 3271 633 3333 ἔπαθε
651 3274 838 3336 ὁκοῖον
857 3278 972 3356 ἔχει
990 3277 1023 3338 ὅ
1044 3277 1266 3357 κάμνων
1285 3275 1322 3355 ἢ
1341 3276 1523 3338 ἄλλον
1544 3278 1653 3340 εἶδε
1671 3277 1951 3341 παθόντα·
