2184 3517
274 111 503 177 44—46]
938 112 1267 164 mmmm.
1786 113 1883 165 131

275 191 425 251 κλέα
462 189 645 252 ἐόντα·
702 190 798 251 καὶ
839 191 1099 252 δοκέουσι
1147 191 1212 251 δέ
1249 217 1350 270 μοι
1395 189 1552 253 οὗτοι
1603 190 1885 269 ὄρθότατα

273 276 569 354 Ἑλλήνων
620 278 829 340 ποιέειν
879 278 936 340 οἳ
985 279 1109 349 διξοὶ
1162 278 1473 356 Ἡράκλεια
1527 279 1884 357 ἱδρυσάμενοι

276 366 549 441 &mv-rat,
580 367 673 425 καὶ
703 370 782 444 τῷ
810 368 914 443 μὲν
941 365 1013 431 ὥς
1048 366 1304 452 ἀθανάτῳ
1328 367 1627 446 Ὀλυμπίῳ
1650 367 1710 427 δὲ
1746 373 1882 428 ε’πω-

242 449 252 460 ’
275 454 477 531 νυμίην
501 452 717 524 θύουσι,
744 459 821 532 τῷ
847 454 906 514 δὲ
933 456 1096 534 ἑτέρῳ
1119 454 1190 519 ὥς
1213 454 1352 532 ἥρωϊ
1378 456 1712 537 ἐναγίζουσι.
1774 458 1877 517 Λέ·
1895 458 1974 517 45

274 566 450 622 γουσι
474 541 533 601 δὲ
558 540 755 601 πολλὰ
775 541 867 602 καὶ
892 540 1047 602 ἄλλα
1073 541 1488 607 ἀνεπισκέπτως
1515 547 1569 604 οἱ
1582 541 1879 620 Ἕλληνες·

277 626 486 706 εὐήθης
520 629 580 689 δὲ
606 628 788 691 αὐτῶν
814 630 907 690 καὶ
938 629 1032 690 ὅδε
1063 629 1098 690 ὅ
1130 630 1309 707 μῦθός
1346 637 1468 692 ε’στι
1493 631 1593 693 τᾶν
1616 631 1745 709 περὶ
1778 635 1882 694 τοῦ

273 716 590 794 Ἡρακλέος
606 718 861 798 λέγουσι·
891 716 962 782 ὥς
982 716 1150 779 αὖτόν
1169 717 1504 794 ἀπικόμενον
1523 724 1579 784 ἐς
1594 721 1881 802 Αἴγυπτον

276 804 588 882 στέψαντες
618 808 672 865 οἳ.
703 804 1018 885 Αἰγύπτιοι,
1043 805 1155 868 abra
1186 810 1417 883 πομπῆς
1451 806 1652 888 ἐξῆγον
1683 807 1755 873 ὥς
1787 807 1878 869 θύ-

275 916 477 956 σοντες
506 896 584 971 τῷ
612 892 727 953 Διΐ·
767 893 869 954 τᾶν
895 894 956 954 δὲ
984 893 1120 958 τέως
1149 897 1253 971 μὲν
1277 894 1523 975 ἡσυχίην
1554 895 1718 975 ἔχειν·
1759 896 1881 956 ἐπεὶ

276 979 342 1039 δὲ
371 979 540 1041 αὐτοῦ
565 980 707 1090 πρὸς
740 984 818 1060 τῷ
847 983 1026 1061 βωμῷ
1053 980 1415 1062 κατάρχοντο,
1444 987 1500 1046 ἐς
1535 980 1717 1059 ἅλκήν
1750 1009 1880 1061 τρα-

273 1067 523 1144 πόμενον
547 1068 761 1133 πάντας
785 1069 973 1147 σφέας
999 1073 1440 1146 καταφονεῦσαι.
1502 1071 1628 1147 ε’μοὶ
1652 1072 1758 1146 μέν
1783 1097 1881 1133 νυν

275 1155 553 1229 δοκέουσι,
578 1161 756 1218 ταῦτα
780 1159 1055 1240 λέγοντες,
1080 1162 1183 1234 τῆς
1209 1157 1527 1239 Αἰγυπτίων
1553 1157 1760 1235 φυσιος
1786 1159 1879 1219 καὶ

273 1270 389 1305 των
414 1244 597 1324 νόμων
620 1244 859 1323 πάμπαν
884 1244 1122 1323 α’πείρως
1146 1247 1292 1325 ἔχειν
1319 1249 1373 1306 οἱ
1393 1246 1691 1318 Ελληνες·
1727 1251 1881 1308 τοῖσι

272 1359 389 1413 γαρ
429 1332 555 1393 ουδὲ
596 1333 797 1411 κτήνεα
837 1332 973 1410 ὁσίη
1014 1333 1164 1394 θύειν
1206 1334 1347 1405 ἐστὶ,
1387 1334 1558 1412 χωρὶς
1600 1333 1745 1406 ὄιων,
1787 1336 1881 1395 καὶ

274 1421 519 1498 ε’ρσένων
541 1424 699 1499 βοῶν
726 1422 820 1481 καὶ
842 1420 1079 1500 μόσχων
1106 1421 1237 1482 ὅσοι
1260 1420 1331 1482 ἂν
1355 1422 1591 1501 καθαροὶ
1619 1423 1767 1493 ἔωσι,
1789 1422 1882 1483 καὶ

271 1512 479 1587 χηνῶν,
514 1513 619 1574 κῶς
653 1507 721 1570 ἂν
756 1508 912 1570 οὗτοι
945 1509 1271 1587 ἀνθρώπους
1306 1509 1524 1582 θύοιενς
1568 1512 1648 1572 ἔτι
1684 1511 1744 1571 δὲ
1784 1512 1881 1573 ἕνα

275 1595 442 1657 ἐόντα
472 1596 573 1658 τᾶν
602 1596 893 1675 Ἡρακλέα
926 1597 1018 1657 καὶ
1050 1598 1131 1658 ἔτι
1161 1596 1470 1677 ἄνθρωπον,
1499 1598 1571 1664 ὥς
1606 1599 1676 1676 δή
1713 1605 1879 1676 φασι,
1961 1613 1967 1662 ἵ

275 1687 388 1748 κῶς
414 1684 593 1761 φύσιν
618 1686 732 1765 ἔχει
756 1685 980 1749 πολλὰς
1004 1685 1275 1764 μυριάδας
1295 1691 1604 1760 φονεῦσαις
1641 1688 1733 1747 καὶ
1751 1689 1881 1767 περὶ
1968 1703 1975 1768 ᾗ

272 1774 382 1850 μὲν
406 1772 614 1834 τούτων
632 1777 885 1834 τοσαῦτα
910 1772 1047 1851 ἡμῖν
1066 1777 1290 1835 εἰποῦσι
1318 1776 1411 1836 καὶ
1435 1776 1587 1855 παραὶ
1612 1779 1723 1837 τῶν
1742 1777 1882 1837 θεῶν
1969 1775 1975 1790 '

243 1861 372 1944 ἐκαὶ
397 1860 551 1939 παρὰ
574 1865 686 1922 τῶν
710 1861 901 1940 ἤρῶων
928 1860 1179 1938 εὐμένεια
1205 1864 1308 1940 εἴη.

358 1948 472 2014 Τοῖς
498 1950 558 2010 δὲ
585 1949 653 2027 δή
681 1949 843 2031 αἶγας
869 1949 963 2009 καὶ
985 1949 1117 2014 τούς
1141 1950 1381 2033 τράγους
1406 1949 1578 2012 τῶνδε
1605 1952 1786 2013 εἵνεκα
1813 1949 1878 2012 οὗ
1896 1952 1978 2013 46

274 2036 480 2099 θύουσι
505 2038 822 2119 Αἰγυπτίων
848 2041 903 2098 οἶ
929 2038 1226 2116 εἰρημένοι.
1285 2039 1386 2101 τὸν
1412 2042 1580 2100 Πᾶνα
1603 2043 1714 2101 τῶν
1738 2039 1882 2101 dxv-«23

272 2126 423 2189 θεῶν
458 2127 780 2209 λογίζονται
819 2125 960 2187 εἶναι
999 2130 1055 2186 οἱ
1094 2126 1426 2203 Μενδήσιοι·
1465 2127 1596 2193 τοῦς
1635 2128 1696 2188 δὲ
1735 2127 1882 2190 dnm}

274 2213 441 2279 θεους
482 2214 712 2280 τούτους
755 2215 1061 2292 προτέρους
1105 2218 1215 2276 τῶν
1262 2215 1501 2275 δυώδεκα
1546 2216 1687 2276 θεῶν
1731 2223 1882 2294 φασι

270 2303 562 2383 γενέσθω.
617 2302 912 2385 γράφουσί
925 2328 988 2363 τε
1008 2302 1077 2378 δη
1095 2330 1187 2363 και
1166 2302 1500 2386 γλύφσυσι
1520 2328 1573 2362 οι
1553 2303 1882 2385 εζωγράφοι

272 2391 375 2450 καὶ
401 2395 455 2451 οἰ
480 2391 931 2474 ἀγαλματοποιοὶ
961 2395 1062 2452 τοῦ
1096 2391 1288 2455 Πανός
1313 2391 1604 2472 τωγαλμα,
1634 2391 1881 2471 κατάπερ

260 2479 566 2556 Ἕλληνες,
613 2480 1049 2563 αἰγοπρόσωπον
1101 2480 1195 2540 καὶ
1244 2480 1651 2562 τραγοσκελέα·
1707 2505 1772 2541 ου
1822 2506 1882 2542 τι

268 2572 535 2630 τοιοῦτον
557 2570 872 2646 νομίζοντες
898 2568 1044 2629 εἶναί
1073 2595 1189 2646 μιν,
1216 2568 1347 2629 ἀλλ’
1376 2568 1573 2647 ὁμοῖον
1600 2573 1754 2632 τοῖσι
1780 2568 1881 2631 ἄλ-

270 2660 440 2717 λοισι
460 2657 661 2718 θεοῖσι·
690 2656 815 2718 ὅτευ
835 2657 895 2717 δὲ
916 2657 1096 2718 εἵνεκα
1109 2661 1365 2719 τοιοῦτον
1382 2657 1673 2740 γράφουσι
1691 2658 1878 2732 αὖτόν,

193 2814 202 2820 ,
271 2744 346 2805 οὔ
368 2770 470 2822 μοι
501 2743 658 2822 ἥδιόν
693 2749 816 2806 ἔστι
851 2744 1057 2827 λέγειν·
1101 2746 1375 2822 σέβονται
1411 2747 1472 2806 δὲ
1507 2747 1718 2813 πάντας
1750 2748 1881 2812 τούς

270 2832 442 2914 αἶγας
482 2836 537 2893 οἱ
577 2831 906 2909 Μενδήσιοι,
938 2833 1033 2892 καὶ
1071 2836 1300 2910 μᾶλλον
1336 2835 1467 2899 τούς
1507 2836 1733 2913 ἔρσενας
1770 2840 1882 2897 τῶν

273 2921 515 2997 θηλέων·
544 2919 638 2980 καὶ
660 2918 868 2982 τούτων
888 2923 944 2981 οἱ
967 2919 1198 2982 αἰπόλοι
1222 2923 1389 2999 τιμοῖς
1412 2923 1644 2999 μέζονας
1669 2922 1878 3001 ἔχουσι,

272 3013 337 3068 ἐκ
366 3009 429 3068 δὲ
452 3007 662 3069 τούτων
689 3007 768 3072 εἷς
789 3007 1063 3086 μάλιστα,
1086 3007 1243 3073 ὅστις
1270 3009 1438 3069 ἐπεοῖν
1463 3007 1733 3086 ἀποθάνῃ,
1754 3011 1879 3069 πέν-

271 3096 376 3161 θος
400 3097 551 3177 μέγα
575 3096 743 3156 παντὶ
767 3101 845 3175 τῷ
871 3096 1174 3175 Μενδησίῳ
1189 3100 1339 3173 νομῷ
1356 3096 1586 3154 τίθεται·
1626 3095 1883 3156 καλέεται

269 3184 336 3245 δὲ
362 3183 398 3245 ὅ
423 3210 488 3245 τε
520 3182 727 3266 τράγος
756 3185 849 3244 καὶ
882 3182 914 3244 ὁ
956 3183 1087 3244 Ποίν
1118 3182 1457 3263 Αἰγυπτιστὶ
1487 3182 1727 3257 Μένδης·
1769 3185 1885 3264 ἐγέ-
1948 3249 1951 3254 ,

268 3297 406 3335 νετο
436 3270 485 3332 δ’
520 3276 579 3332 ἐν
606 3276 684 3353 τῷ
714 3274 868 3351 νομῷ
898 3269 1074 3350 τούτῳ
1114 3267 1199 3329 ἐπ’
1232 3272 1367 3347 ε’μεῧ
1405 3271 1573 3329 τοῦτο
1601 3268 1669 3329 τὰ
1700 3271 1883 3348 τέρας·
