2184 3517
299 102 363 145 44
925 97 1294 147 ‘HPOAOTo‘r
1430 115 1433 122 ·
1832 94 1905 160 [1.

201 175 278 234 87
300 174 376 233 ἔτι
408 178 508 234 τοῦ
543 174 716 252 πυρός
750 180 1139 254 ἐπικρατῆσαι.
1218 174 1497 236 Ἐνθαῦτα
1530 174 1756 256 λέγεται
1792 173 1906 235 im}

297 261 509 332 Λυδῶν,
537 267 790 340 Κροῖσον
816 263 1068 339 μαθόντα
1092 263 1199 339 τήν
1225 263 1416 340 Κύρου
1441 261 1808 342 μετάγνωσιν,
1833 261 1906 327 ὦς

301 351 414 427 ὥρα
440 350 623 411 πάντα
647 353 753 428 μὲν
784 350 956 427 ἄνδρα
982 351 1298 427 σβεννύντα
1322 350 1388 410 τὰ
1425 353 1538 428 πῦρ
1576 351 1908 426 δυναμένους

301 438 361 496 δὲ
388 436 570 498 οὐκέτι
596 440 957 514 καταλαβεῖν,
997 437 1398 515 ἐπιβώσασθαι
1432 437 1534 498 τόν
1566 436 1907 498 Ἀπόλλωνα

301 525 747 604 ἐπικαλεόμενον,
794 527 846 584 εἴ
873 552 928 587 τι
961 530 1015 586 οἶ
1047 527 1453 605 κεχαρισμένον
1486 525 1549 594 ἐξ
1578 524 1748 584 αὐτοῦ
1781 526 1909 585 ἐδω-

297 614 459 691 ρήθη,
480 618 839 691 παραστῆναι
860 616 950 675 καὶ
971 614 1264 693 ῥύσασθαί
1277 619 1461 690 μεν.ἐκ
1482 617 1582 673 τοῦ
1603 612 1907 691 παρεόντος

300 706 488 761 κακοῦ·
541 728 641 762 τον
682 706 787 778 μὲν
828 701 1134 780 δακρύοντα
1177 702 1572 762 ἐπικαλέεσθαι
1611 699 1713 761 τόν
1759 702 1904 762 θεόν·

301 794 363 849 ἐκ
394 789 455 849 δὲ
487 790 701 867 αἰθρίης
732 816 795 850 τε
829 791 920 848 καὶ
955 790 1213 868 νηνεμίης
1252 791 1615 867 συνδραμέειν
1646 789 1908 866 ἐξαπίνης

299 877 487 953 νέφεα,
516 878 608 936 καὶ
637 878 885 957 χειμῶνά
918 904 981 938 τε
1015 882 1428 959 καταρραγῆναι
1460 877 1551 936 καὶ
1583 874 1719 937 ὗσαι
1745 876 1904 938 ὕδατι

303 963 657 1044 λαβροτάτῳ,
715 967 1185 1043 κατασβεσθῆνιέί
1232 992 1296 1027 τε
1341 965 1447 1041 τὴν
1498 964 1697 1043 πυρήν·
1764 965 1908 1026 οὕτω

301 1052 369 1129 δὴ
409 1052 662 1130 μαθόντα
691 1052 794 1114 τόν
819 1057 1009 1131 Κῦρον
1037 1054 1108 1117 ὥς
1134 1054 1218 1130 εἴη
1250 1053 1283 1114 ὁ
1310 1058 1563 1131 Κροῖσος
1597 1054 1689 1113 καὶ
1716 1054 1905 1128 θεοφι-

298 1141 408 1217 λής
454 1142 546 1201 καὶ
590 1141 731 1220 οἷν-ἦρ
776 1142 1002 1223 ἀγαθὸς,
1053 1141 1526 1219 καταβιβάσαντα
1574 1140 1743 1201 αὗτὸν
1789 1140 1904 1202 ἀπό

297 1233 398 1305 τῆς
463 1234 640 1307 πυρῆς
694 1230 941 1308 εἴρεσθαι
998 1230 1149 1290 τάδε·
1219 1234 1497 1306 ’(Κροῖσε,
1550 1229 1635 1293 τίς
1686 1254 1757 1289 σε
1806 1228 1900 1289 οἷν-

299 1317 528 1395 θριόπων
551 1318 830 1399 ἀνέγνωσε
856 1319 948 1377 ἐπὶ
971 1322 1081 1399 γῆν
1104 1318 1209 1393 τῆν
1234 1317 1375 1394 ἐμήν
1413 1316 1905 1394 στρατευσάμενον

298 1406 570 1482 πολέμιον
609 1405 733 1465 ἀντὶ
771 1406 947 1482 φίλου
985 1407 1109 1482 ἐμοὶ
1154 1409 1497 1481 καταστῆναι
1506 1404 1553 1474 ;”
1596 1404 1629 1465 ὁ
1662 1404 1722 1464 δὲ
1764 1405 1906 1464 εἶπε·

299 1491 384 1551 “ὧ
422 1495 689 1568 βασιλεῦ,
732 1493 840 1574 ἐγώ
879 1497 1054 1553 ταῦτα
1095 1493 1306 1570 ἔπρηξα
1354 1496 1426 1571 τῇ
1466 1496 1548 1571 σῇ
1586 1494 1692 1569 μὲν
1728 1491 1906 1552 εὐδαι-

298 1582 463 1660 μονίῃ
488 1585 560 1659 τῇ
589 1585 858 1658 ἐμεωυτοῦ
879 1580 939 1640 δὲ
967 1580 1378 1659 κακοδαιμονίῃ·
1414 1581 1585 1643 αἴτιος
1612 1580 1672 1638 δὲ
1696 1579 1908 1641 τούτων

303 1670 520 1750 ἐγένετο
546 1669 580 1729 ὁ
606 1668 895 1745 Ἑλλήνων
921 1667 1048 1732 θεός
1074 1669 1330 1745 ἐπαείρας
1357 1670 1452 1745 ἐμὲ
1477 1665 1903 1744 στρατεύεσθαι.

272 1749 478 1821 (όῦδεὶς
519 1757 630 1838 γοὶρ
674 1755 815 1817 οὕτω
855 1755 1088 1833 ἀνόητός
1128 1763 1253 1818 ἐστι
1285 1757 1346 1820 ὅς
1384 1782 1470 1821 τις
1510 1755 1763 1833 πόλεμον
1790 1755 1904 1833 πρό

292 1841 517 1921 εἰρήνης
563 1845 822 1923 αἱρέεται·
878 1850 937 1904 ἐν
987 1846 1091 1922 μὲν
1137 1845 1251 1926 γὰρ
1303 1849 1375 1923 τῇ
1431 1847 1486 1904 οἶ
1535 1845 1729 1908 παῖδες
1774 1844 1907 1908 τοῦς
1963 1920 1976 1934 ·

158 1981 173 2020 f
297 1933 538 2010 πατέρας
564 1932 861 1993 θάπτουσι·
904 1937 964 1992 ἐν
991 1933 1060 1998 δὲ,
1075 1937 1168 2011 τῷ,
1192 1935 1246 1991 οἱ
1273 1934 1506 2009 πατέρες
1528 1932 1659 1994 τοῦς
1683 1932 1904 1996 παῖδας.

88 2069 91 2078 ,
136 2023 159 2106 s
300 2019 454 2079 ἀλλὰ
477 2025 653 2081 ταῦτα
677 2020 913 2097 δαίμοσί
936 2045 1035 2080 κου
1061 2022 1238 2096 φίλον
1255 2019 1327 2096 ἦν
1354 2021 1494 2081 οὕτω
1518 2018 1838 2107 γενέσθωῆ

126 2119 137 2130 '
209 2110 283 2168 88
378 2106 448 2168 ‘0
468 2110 572 2186 μὲν
588 2112 766 2169 ταῦτα
794 2109 971 2189 ἔλεγε.
1026 2111 1217 2186 Κῦρος
1236 2108 1295 2167 δὲ
1316 2107 1483 2168 αὖτόν
1503 2107 1686 2172 λύσας
1706 2106 1907 2169 κᾶτισέ

86 2205 127 2224 “
160 2197 173 2204 ”
301 2221 364 2257 τε
395 2197 558 2278 ἐγγῦς
584 2200 784 2257 ἑωυτοῦ
813 2197 905 2256 καὶ
933 2196 1110 2275 κάρτα
1137 2202 1196 2256 ἐν
1227 2199 1422 2274 πολλῇ
1452 2196 1741 2274 προμηθίῃ
1768 2194 1903 2274 εἶχε,

301 2283 662 2362 ἀπεθῶυμαζέ
695 2310 758 2345 τε
790 2284 962 2362 ὁρέων
993 2284 1086 2343 καὶ
1123 2282 1291 2348 αὐτ-ὂς
1326 2285 1419 2343 καὶ
1450 2287 1506 2343 οἱ
1536 2284 1667 2361 περὶ
1698 2287 1906 2344 ἐκεῖνον

303 2371 483 2437 ἐόντες
520 2373 742 2436 πάντες.
824 2372 858 2432 ὁ
898 2372 959 2432 δὲ
996 2372 1226 2450 συννοίῃ
1262 2372 1527 2451 ἐχόμενος
1561 2371 1778 2450 ἥσυχος
1811 2370 1902 2448 ἦν·

300 2460 443 2537 μετὰ
480 2461 556 2531 δὲ,
595 2461 962 2539 ἐπιστραφείς
996 2485 1060 2520 τε
1097 2461 1189 2518 καὶ
1226 2459 1474 2536 ἰδόμενος
1506 2459 1638 2523 τούς
1674 2460 1907 2537 Πέρσας

300 2549 367 2609 τὰ
403 2552 512 2609 τῶν
545 2549 740 2610 Λυδῶν
774 2547 920 2608 ἄστυ
951 2547 1300 2626 κεραΐζοντας
1333 2547 1472 2608 εἶπε·
1514 2558 1552 2584 “
1562 2547 1605 2607 ὦ
1634 2548 1903 2624 βασιλεῦ,

302 2635 502 2715 κότερα
527 2638 713 2718 λέγειν
736 2636 878 2714 πρός
904 2638 975 2695 σὲ
999 2635 1072 2696 τοὶ
1100 2635 1267 2697 νοέων
1290 2635 1562 2717 τυγχάνω,
1589 2631 1629 2713 ἢ
1650 2629 1827 2717 σιγᾶν
1847 2640 1906 2696 ἐν

300 2728 379 2803 τῷ
401 2725 665 2803 παρεόντι
687 2724 801 2804 χρή
819 2722 874 2793 ;”
916 2726 1105 2801 Κῦρος
1132 2724 1197 2784 δέ
1222 2750 1321 2801 μιν
1347 2725 1663 2802 θαρσέοντα
1689 2725 1907 2784 ἐκέλευε

302 2814 488 2893 λέγειν
525 2812 559 2872 ὅ
597 2838 654 2873 τι
692 2812 986 2889 βούλοιτο·
1041 2812 1074 2873 ὁ
1124 2812 1185 2871 δὲ
1231 2811 1400 2873 αὐτόν
1448 2812 1660 2889 εἰρώτα,
1701 2812 1903 2893 λέγων·

303 2899 506 2964 ((οὗτος
544 2900 579 2961 ὁ
619 2899 838 2963 πολλὸς
878 2899 1078 2976 ὅμιλος
1114 2900 1177 2961 τί
1216 2904 1394 2961 ταῦτα
1439 2900 1663 2978 σπουδῇ
1701 2903 1905 2978 πολλῇ

304 2987 589 3070 ἐργάζεται
607 2986 661 3058 ;”
701 2987 734 3048 ὁ
760 2987 820 3046 δὲ
847 2987 984 3047 εἶπε·
1017 2987 1232 3048 “πόλιν
1255 3013 1320 3048 τε
1342 2987 1447 3064 τήν
1472 2986 1588 3062 σῆν
1614 2986 1904 3063 διαρπάζει

303 3078 396 3135 καὶ
433 3076 697 3156 χρήματα
731 3075 804 3136 τσῖ
845 3075 925 3135 σοὶ
965 3072 1308 3152 διαφορέει·”
1349 3076 1602 3151 Κροῖσος
1633 3073 1709 3136 ,δὲ
1749 3072 1904 3149 ἀμεί-

302 3165 463 3240 βετο·
515 3162 686 3224 ’(οὔτε
715 3161 886 3223 πόλιν
915 3162 1019 3239 τήν
1050 3161 1191 3239 ἐμήν
1222 3159 1349 3220 οὔτε
1380 3159 1645 3238 χρήματα
1682 3159 1752 3219 τοὶ
1795 3160 1904 3235 ἐμοῖ

303 3250 607 3328 διαρπάζει·
660 3248 818 3309 οὐδὲν
854 3248 966 3329 γὰρ
1006 3249 1134 3326 ἐμοὶ
1171 3247 1252 3306 ἔτι
1288 3246 1497 3306 τούτων
1533 3247 1695 3322 μέτα·
1744 3244 1903 3306 ἀλλὰ
