<?xml version="1.0" encoding="UTF-8"?>
<!DOCTYPE html PUBLIC "-//W3C//DTD XHTML 1.0 Transitional//EN"
    "http://www.w3.org/TR/xhtml1/DTD/xhtml1-transitional.dtd">
<html xmlns="http://www.w3.org/1999/xhtml" xml:lang="en" lang="en">
 <head>
  <title>
</title>
<meta http-equiv="Content-Type" content="text/html;charset=utf-8" />
  <meta name='ocr-system' content='tesseract 3.04.00' />
  <meta name='ocr-capabilities' content='ocr_page ocr_carea ocr_par ocr_line ocrx_word'/>
</head>
<body>
  <div class='ocr_page' id='page_1' title='image "./herodotus02unkngoog_0024.png"; bbox 0 0 2184 3517; ppageno 0'>
   <div class='ocr_carea' id='block_1_1' title="bbox 201 86 1956 3306">
    <p class='ocr_par' dir='ltr' id='par_1_1' title="bbox 238 86 1911 774">
     <span class='ocr_line' id='line_1_1' title="bbox 238 86 1906 154; baseline 0.004 -21"><span class='ocrx_word' id='word_1_1' title='bbox 238 89 243 94; x_wconf 86' lang='lat'><strong>·</strong></span> <span class='ocrx_word' id='word_1_2' title='bbox 315 86 346 133; x_wconf 83' lang='lat'>8</span> <span class='ocrx_word' id='word_1_3' title='bbox 548 107 553 110; x_wconf 95' lang='lat'><em>-</em></span> <span class='ocrx_word' id='word_1_4' title='bbox 910 90 1274 141; x_wconf 70' lang='grc' dir='ltr'>ἩΡοΔοΤοϊ</span> <span class='ocrx_word' id='word_1_5' title='bbox 1834 90 1906 154; x_wconf 91' lang='lat'>[1.</span> 
     </span>
     <span class='ocr_line' id='line_1_2' title="bbox 309 165 1911 246; baseline 0.001 -19"><span class='ocrx_word' id='word_1_6' title='bbox 309 190 412 227; x_wconf 91' lang='grc' dir='ltr'>σεν</span> <span class='ocrx_word' id='word_1_7' title='bbox 440 169 565 228; x_wconf 79' lang='grc' dir='ltr'>ἔτεα</span> <span class='ocrx_word' id='word_1_8' title='bbox 590 167 848 229; x_wconf 76' lang='grc' dir='ltr'>δυώδεκα·</span> <span class='ocrx_word' id='word_1_9' title='bbox 882 167 1243 246; x_wconf 79' lang='grc' dir='ltr'>Σαρδυάττεω</span> <span class='ocrx_word' id='word_1_10' title='bbox 1269 168 1329 230; x_wconf 78' lang='grc' dir='ltr'>δὲ</span> <span class='ocrx_word' id='word_1_11' title='bbox 1351 168 1682 246; x_wconf 74' lang='grc' dir='ltr'>Ἀλυάττης.</span> <span class='ocrx_word' id='word_1_12' title='bbox 1748 165 1911 233; x_wconf 79' lang='grc' dir='ltr'>οὗτος</span> 
     </span>
     <span class='ocr_line' id='line_1_3' title="bbox 309 255 1911 339; baseline -0.001 -23"><span class='ocrx_word' id='word_1_13' title='bbox 309 255 371 316; x_wconf 80' lang='grc' dir='ltr'>δὲ</span> <span class='ocrx_word' id='word_1_14' title='bbox 405 255 673 335; x_wconf 78' lang='grc' dir='ltr'>Κυαξάρῃ</span> <span class='ocrx_word' id='word_1_15' title='bbox 697 282 762 316; x_wconf 91' lang='grc' dir='ltr'>τε</span> <span class='ocrx_word' id='word_1_16' title='bbox 788 260 866 335; x_wconf 76' lang='grc' dir='ltr'>τῷ</span> <span class='ocrx_word' id='word_1_17' title='bbox 902 255 1152 332; x_wconf 86' lang='grc' dir='ltr'>Δηιόκεω</span> <span class='ocrx_word' id='word_1_18' title='bbox 1183 255 1441 339; x_wconf 75' lang='grc' dir='ltr'>οἷπογόνῳ</span> <span class='ocrx_word' id='word_1_19' title='bbox 1472 257 1793 333; x_wconf 80' lang='grc' dir='ltr'>ἐπολέμησε</span> <span class='ocrx_word' id='word_1_20' title='bbox 1819 255 1911 314; x_wconf 84' lang='grc' dir='ltr'>καὶ</span> 
     </span>
     <span class='ocr_line' id='line_1_4' title="bbox 310 342 1906 421; baseline 0.001 -20"><span class='ocrx_word' id='word_1_21' title='bbox 310 343 582 420; x_wconf 87' lang='grc' dir='ltr'>Μήδοισι·</span> <span class='ocrx_word' id='word_1_22' title='bbox 637 345 984 421; x_wconf 83' lang='grc' dir='ltr'>Κιμμερίους</span> <span class='ocrx_word' id='word_1_23' title='bbox 1033 370 1097 403; x_wconf 90' lang='grc' dir='ltr'>τε</span> <span class='ocrx_word' id='word_1_24' title='bbox 1150 349 1211 404; x_wconf 90' lang='grc' dir='ltr'>ἐκ</span> <span class='ocrx_word' id='word_1_25' title='bbox 1256 348 1356 420; x_wconf 85' lang='grc' dir='ltr'>τῆς</span> <span class='ocrx_word' id='word_1_26' title='bbox 1400 344 1597 420; x_wconf 86' lang='grc' dir='ltr'>Ἀσίης</span> <span class='ocrx_word' id='word_1_27' title='bbox 1644 342 1906 419; x_wconf 79' lang='grc' dir='ltr'>ἐξήλασε·</span> 
     </span>
     <span class='ocr_line' id='line_1_5' title="bbox 311 429 1909 508; baseline -0.001 -14"><span class='ocrx_word' id='word_1_28' title='bbox 311 431 570 508; x_wconf 78' lang='grc' dir='ltr'>Σμύρνην</span> <span class='ocrx_word' id='word_1_29' title='bbox 594 457 657 491; x_wconf 91' lang='grc' dir='ltr'>τε</span> <span class='ocrx_word' id='word_1_30' title='bbox 682 429 786 506; x_wconf 80' lang='grc' dir='ltr'>τήν</span> <span class='ocrx_word' id='word_1_31' title='bbox 812 430 925 492; x_wconf 70' lang='lat' dir='ltr'>‹in-6</span> <span class='ocrx_word' id='word_1_32' title='bbox 956 436 1304 507; x_wconf 77' lang='grc' dir='ltr'>Κολοφῶνος</span> <span class='ocrx_word' id='word_1_33' title='bbox 1329 432 1659 492; x_wconf 81' lang='grc' dir='ltr'>κτισθεῖσαν</span> <span class='ocrx_word' id='word_1_34' title='bbox 1686 430 1819 490; x_wconf 77' lang='grc' dir='ltr'>εἷλε·</span> <span class='ocrx_word' id='word_1_35' title='bbox 1853 434 1909 494; x_wconf 87' lang='grc' dir='ltr'>ἐς</span> 
     </span>
     <span class='ocr_line' id='line_1_6' title="bbox 309 516 1907 596; baseline 0.004 -20"><span class='ocrx_word' id='word_1_36' title='bbox 309 517 677 594; x_wconf 86' lang='grc' dir='ltr'>Κλαζομενάς</span> <span class='ocrx_word' id='word_1_37' title='bbox 703 543 765 578; x_wconf 89' lang='grc' dir='ltr'>τε</span> <span class='ocrx_word' id='word_1_38' title='bbox 793 518 1059 594; x_wconf 81' lang='grc' dir='ltr'>ἐσέβαλε·</span> <span class='ocrx_word' id='word_1_39' title='bbox 1095 518 1209 579; x_wconf 65' lang='lat' dir='ltr'>dm?</span> <span class='ocrx_word' id='word_1_40' title='bbox 1231 520 1343 596; x_wconf 81' lang='grc' dir='ltr'>μέν</span> <span class='ocrx_word' id='word_1_41' title='bbox 1366 545 1462 580; x_wconf 93' lang='grc' dir='ltr'>νυν</span> <span class='ocrx_word' id='word_1_42' title='bbox 1479 518 1686 579; x_wconf 78' lang='grc' dir='ltr'>τούτων</span> <span class='ocrx_word' id='word_1_43' title='bbox 1712 516 1810 578; x_wconf 76' lang='grc' dir='ltr'>οὐκ</span> <span class='ocrx_word' id='word_1_44' title='bbox 1836 516 1907 582; x_wconf 74' lang='grc' dir='ltr'>ὥς</span> 
     </span>
     <span class='ocr_line' id='line_1_7' title="bbox 305 596 1906 687; baseline 0.001 -24"><span class='ocrx_word' id='word_1_45' title='bbox 305 602 475 680; x_wconf 82' lang='grc' dir='ltr'>ἤθελε</span> <span class='ocrx_word' id='word_1_46' title='bbox 501 603 811 680; x_wconf 75' lang='grc' dir='ltr'>ἅττ-ἤλλαξε,</span> <span class='ocrx_word' id='word_1_47' title='bbox 839 604 995 665; x_wconf 67' lang='grc' dir='ltr'>ἀλλὰ</span> <span class='ocrx_word' id='word_1_48' title='bbox 1020 606 1420 683; x_wconf 80' lang='grc' dir='ltr'>προσπταίσας</span> <span class='ocrx_word' id='word_1_49' title='bbox 1444 604 1719 687; x_wconf 83' lang='grc' dir='ltr'>μεγάλως·</span> <span class='ocrx_word' id='word_1_50' title='bbox 1751 596 1906 665; x_wconf 70' lang='grc' dir='ltr'>αλλα</span> 
     </span>
     <span class='ocr_line' id='line_1_8' title="bbox 306 690 1906 778; baseline 0.003 -29"><span class='ocrx_word' id='word_1_51' title='bbox 306 690 368 750; x_wconf 83' lang='grc' dir='ltr'>δὲ</span> <span class='ocrx_word' id='word_1_52' title='bbox 399 692 534 773; x_wconf 81' lang='grc' dir='ltr'>ἔργα</span> <span class='ocrx_word' id='word_1_53' title='bbox 569 690 875 778; x_wconf 78' lang='grc' dir='ltr'>ἀπεδέξατο</span> <span class='ocrx_word' id='word_1_54' title='bbox 911 691 1014 752; x_wconf 89' lang='grc' dir='ltr'>ἐων</span> <span class='ocrx_word' id='word_1_55' title='bbox 1039 697 1099 752; x_wconf 92' lang='grc' dir='ltr'>ἐν</span> <span class='ocrx_word' id='word_1_56' title='bbox 1127 696 1203 772; x_wconf 83' lang='grc' dir='ltr'>τῇ</span> <span class='ocrx_word' id='word_1_57' title='bbox 1237 692 1385 773; x_wconf 84' lang='grc' dir='ltr'>οἷρχῇ</span> <span class='ocrx_word' id='word_1_58' title='bbox 1417 692 1906 774; x_wconf 67' lang='grc' dir='ltr'>ἀξιαπηγητότατα</span> 
     </span>
    </p>

    <p class='ocr_par' dir='ltr' id='par_1_2' title="bbox 210 759 1945 1488">
     <span class='ocr_line' id='line_1_9' title="bbox 210 759 1906 857; baseline 0.002 -20"><span class='ocrx_word' id='word_1_59' title='bbox 210 776 287 840; x_wconf 76' lang='grc'>17</span> <span class='ocrx_word' id='word_1_60' title='bbox 303 777 454 838; x_wconf 88' lang='grc' dir='ltr'>τάδε·</span> <span class='ocrx_word' id='word_1_61' title='bbox 505 759 870 856; x_wconf 84' lang='grc' dir='ltr'>Ἐπολέμησε</span> <span class='ocrx_word' id='word_1_62' title='bbox 917 781 1281 856; x_wconf 82' lang='grc' dir='ltr'>Μιλησίοισι,</span> <span class='ocrx_word' id='word_1_63' title='bbox 1323 780 1769 857; x_wconf 81' lang='grc' dir='ltr'>παραδεξάμενος</span> <span class='ocrx_word' id='word_1_64' title='bbox 1804 805 1906 841; x_wconf 85' lang='grc' dir='ltr'>τον</span> 
     </span>
     <span class='ocr_line' id='line_1_10' title="bbox 303 865 1903 948; baseline 0.001 -23"><span class='ocrx_word' id='word_1_65' title='bbox 303 865 559 944; x_wconf 85' lang='grc' dir='ltr'>πόλεμον</span> <span class='ocrx_word' id='word_1_66' title='bbox 588 866 742 944; x_wconf 71' lang='grc' dir='ltr'>παρὰ</span> <span class='ocrx_word' id='word_1_67' title='bbox 774 871 876 927; x_wconf 82' lang='grc' dir='ltr'>τοῦ</span> <span class='ocrx_word' id='word_1_68' title='bbox 913 867 1141 943; x_wconf 84' lang='grc' dir='ltr'>πατρός.</span> <span class='ocrx_word' id='word_1_69' title='bbox 1225 866 1538 928; x_wconf 82' lang='grc' dir='ltr'>ἐπελαύνων</span> <span class='ocrx_word' id='word_1_70' title='bbox 1570 865 1682 948; x_wconf 71' lang='grc' dir='ltr'>γάρ</span> <span class='ocrx_word' id='word_1_71' title='bbox 1717 870 1903 927; x_wconf 89' lang='grc' dir='ltr'>ἐπολι-</span> 
     </span>
     <span class='ocr_line' id='line_1_11' title="bbox 300 952 1903 1033; baseline 0.001 -20"><span class='ocrx_word' id='word_1_72' title='bbox 300 952 458 1030; x_wconf 77' lang='grc' dir='ltr'>όρκεε</span> <span class='ocrx_word' id='word_1_73' title='bbox 482 953 587 1029; x_wconf 74' lang='grc' dir='ltr'>τὴν</span> <span class='ocrx_word' id='word_1_74' title='bbox 616 954 880 1030; x_wconf 88' lang='grc' dir='ltr'>Μίλητον</span> <span class='ocrx_word' id='word_1_75' title='bbox 905 953 1094 1032; x_wconf 75' lang='grc' dir='ltr'>τρόπῳ</span> <span class='ocrx_word' id='word_1_76' title='bbox 1120 955 1328 1033; x_wconf 73' lang='grc' dir='ltr'>τοιῷδε·</span> <span class='ocrx_word' id='word_1_77' title='bbox 1358 955 1496 1018; x_wconf 83' lang='grc' dir='ltr'>ὅκως</span> <span class='ocrx_word' id='word_1_78' title='bbox 1520 956 1625 1031; x_wconf 79' lang='grc' dir='ltr'>μὲν</span> <span class='ocrx_word' id='word_1_79' title='bbox 1650 954 1735 1032; x_wconf 81' lang='grc' dir='ltr'>εἴη</span> <span class='ocrx_word' id='word_1_80' title='bbox 1755 959 1812 1015; x_wconf 89' lang='grc' dir='ltr'>ἐν</span> <span class='ocrx_word' id='word_1_81' title='bbox 1829 957 1903 1033; x_wconf 77' lang='grc' dir='ltr'>τῇ</span> 
     </span>
     <span class='ocr_line' id='line_1_12' title="bbox 298 1039 1900 1121; baseline 0.002 -22"><span class='ocrx_word' id='word_1_82' title='bbox 298 1043 377 1121; x_wconf 82' lang='grc' dir='ltr'>γῇ</span> <span class='ocrx_word' id='word_1_83' title='bbox 398 1039 611 1118; x_wconf 80' lang='grc' dir='ltr'>καρπὸς</span> <span class='ocrx_word' id='word_1_84' title='bbox 635 1040 818 1117; x_wconf 80' lang='grc' dir='ltr'>άδρός,</span> <span class='ocrx_word' id='word_1_85' title='bbox 845 1044 1146 1116; x_wconf 82' lang='grc' dir='ltr'>τηνικαῦτα</span> <span class='ocrx_word' id='word_1_86' title='bbox 1173 1041 1462 1117; x_wconf 86' lang='grc' dir='ltr'>ἐσέβαλλε</span> <span class='ocrx_word' id='word_1_87' title='bbox 1484 1041 1588 1117; x_wconf 80' lang='grc' dir='ltr'>τὴν</span> <span class='ocrx_word' id='word_1_88' title='bbox 1614 1040 1900 1119; x_wconf 86' lang='grc' dir='ltr'>στρατιήν·</span> 
     </span>
     <span class='ocr_line' id='line_1_13' title="bbox 304 1126 1903 1209; baseline 0.001 -22"><span class='ocrx_word' id='word_1_89' title='bbox 304 1127 679 1205; x_wconf 49' lang='grc' dir='ltr'>ἐστρατεύετο,</span> <span class='ocrx_word' id='word_1_90' title='bbox 701 1128 762 1187; x_wconf 80' lang='grc' dir='ltr'>δὲ</span> <span class='ocrx_word' id='word_1_91' title='bbox 795 1126 908 1188; x_wconf 54' lang='lat' dir='ltr'>&amp;vd</span> <span class='ocrx_word' id='word_1_92' title='bbox 942 1129 1225 1209; x_wconf 83' lang='grc' dir='ltr'>συρίγγων</span> <span class='ocrx_word' id='word_1_93' title='bbox 1259 1154 1321 1198; x_wconf 86' lang='grc' dir='ltr'>τε</span> <span class='ocrx_word' id='word_1_94' title='bbox 1357 1128 1450 1188; x_wconf 85' lang='grc' dir='ltr'>καὶ</span> <span class='ocrx_word' id='word_1_95' title='bbox 1482 1129 1775 1204; x_wconf 78' lang='grc' dir='ltr'>πηκτίδων,</span> <span class='ocrx_word' id='word_1_96' title='bbox 1809 1129 1903 1189; x_wconf 84' lang='grc' dir='ltr'>καὶ</span> 
     </span>
     <span class='ocr_line' id='line_1_14' title="bbox 301 1214 1899 1297; baseline 0.001 -22"><span class='ocrx_word' id='word_1_97' title='bbox 301 1214 478 1276; x_wconf 73' lang='grc' dir='ltr'>αὐλοῦ</span> <span class='ocrx_word' id='word_1_98' title='bbox 501 1216 821 1297; x_wconf 67' lang='grc' dir='ltr'>γυναικηίου</span> <span class='ocrx_word' id='word_1_99' title='bbox 845 1240 910 1276; x_wconf 91' lang='grc' dir='ltr'>τε</span> <span class='ocrx_word' id='word_1_100' title='bbox 941 1216 1035 1275; x_wconf 87' lang='grc' dir='ltr'>καὶ</span> <span class='ocrx_word' id='word_1_101' title='bbox 1064 1215 1343 1293; x_wconf 77' lang='grc' dir='ltr'>οἷνδρηΐου·</span> <span class='ocrx_word' id='word_1_102' title='bbox 1385 1215 1458 1280; x_wconf 79' lang='grc' dir='ltr'>ὦς</span> <span class='ocrx_word' id='word_1_103' title='bbox 1483 1216 1544 1276; x_wconf 84' lang='grc' dir='ltr'>δὲ</span> <span class='ocrx_word' id='word_1_104' title='bbox 1576 1221 1631 1280; x_wconf 90' lang='grc' dir='ltr'>ἐς</span> <span class='ocrx_word' id='word_1_105' title='bbox 1660 1216 1764 1294; x_wconf 77' lang='grc' dir='ltr'>τήν</span> <span class='ocrx_word' id='word_1_106' title='bbox 1789 1222 1899 1277; x_wconf 87' lang='grc' dir='ltr'>Μι-</span> 
     </span>
     <span class='ocr_line' id='line_1_15' title="bbox 298 1302 1900 1385; baseline 0.002 -24"><span class='ocrx_word' id='word_1_107' title='bbox 298 1305 509 1379; x_wconf 88' lang='grc' dir='ltr'>λησίην</span> <span class='ocrx_word' id='word_1_108' title='bbox 548 1303 821 1375; x_wconf 75' lang='grc' dir='ltr'>ἀπίκοιτο,</span> <span class='ocrx_word' id='word_1_109' title='bbox 863 1302 1142 1379; x_wconf 82' lang='grc' dir='ltr'>οἰκήματα</span> <span class='ocrx_word' id='word_1_110' title='bbox 1179 1306 1284 1381; x_wconf 80' lang='grc' dir='ltr'>μὲν</span> <span class='ocrx_word' id='word_1_111' title='bbox 1322 1302 1396 1364; x_wconf 68' lang='grc' dir='ltr'>τὰ</span> <span class='ocrx_word' id='word_1_112' title='bbox 1436 1304 1528 1364; x_wconf 81' lang='grc' dir='ltr'>ἐπὶ</span> <span class='ocrx_word' id='word_1_113' title='bbox 1565 1308 1677 1365; x_wconf 77' lang='grc' dir='ltr'>τῶν</span> <span class='ocrx_word' id='word_1_114' title='bbox 1716 1302 1900 1385; x_wconf 82' lang='grc' dir='ltr'>οἷγρῶν</span> 
     </span>
     <span class='ocr_line' id='line_1_16' title="bbox 299 1388 1945 1488; baseline 0 -37"><span class='ocrx_word' id='word_1_115' title='bbox 299 1388 429 1451; x_wconf 80' lang='grc' dir='ltr'>οὔτε</span> <span class='ocrx_word' id='word_1_116' title='bbox 454 1392 775 1467; x_wconf 86' lang='grc' dir='ltr'>κατέβαλλε</span> <span class='ocrx_word' id='word_1_117' title='bbox 807 1388 933 1453; x_wconf 77' lang='grc' dir='ltr'>οὔτε</span> <span class='ocrx_word' id='word_1_118' title='bbox 962 1390 1119 1450; x_wconf 82' lang='grc' dir='ltr'>ἐνεπ’</span> <span class='ocrx_word' id='word_1_119' title='bbox 1236 1416 1271 1466; x_wconf 89' lang='grc' dir='ltr'>η</span> <span class='ocrx_word' id='word_1_120' title='bbox 1299 1390 1428 1452; x_wconf 78' lang='grc' dir='ltr'>οὔτε</span> <span class='ocrx_word' id='word_1_121' title='bbox 1456 1390 1685 1471; x_wconf 83' lang='grc' dir='ltr'>θύρας’</span> <span class='ocrx_word' id='word_1_122' title='bbox 1648 1392 1896 1462; x_wconf 87' lang='grc' dir='ltr'>απέσπα,</span> <span class='ocrx_word' id='word_1_123' title='bbox 1924 1389 1945 1488; x_wconf 54' lang='lat' dir='ltr'>J</span> 
     </span>
    </p>

    <p class='ocr_par' dir='ltr' id='par_1_3' title="bbox 264 1476 1898 1646">
     <span class='ocr_line' id='line_1_17' title="bbox 264 1476 1898 1556; baseline 0.001 -19"><span class='ocrx_word' id='word_1_124' title='bbox 264 1477 275 1492; x_wconf 68' lang='lat'><em>¹</em></span> <span class='ocrx_word' id='word_1_125' title='bbox 299 1478 364 1537; x_wconf 82' lang='grc' dir='ltr'>ἔα</span> <span class='ocrx_word' id='word_1_126' title='bbox 389 1477 449 1536; x_wconf 79' lang='grc' dir='ltr'>δὲ</span> <span class='ocrx_word' id='word_1_127' title='bbox 478 1478 618 1538; x_wconf 74' lang='grc' dir='ltr'>κατὰ</span> <span class='ocrx_word' id='word_1_128' title='bbox 643 1478 831 1556; x_wconf 79' lang='grc' dir='ltr'>χώρην</span> <span class='ocrx_word' id='word_1_129' title='bbox 859 1476 1177 1554; x_wconf 79' lang='grc' dir='ltr'>ἑστάμεναι·</span> <span class='ocrx_word' id='word_1_130' title='bbox 1220 1504 1252 1539; x_wconf 90' lang='grc' dir='ltr'>ο</span> <span class='ocrx_word' id='word_1_131' title='bbox 1237 1477 1340 1537; x_wconf 81' lang='grc' dir='ltr'>δὲ</span> <span class='ocrx_word' id='word_1_132' title='bbox 1364 1478 1438 1541; x_wconf 88' lang='grc' dir='ltr'>τά</span> <span class='ocrx_word' id='word_1_133' title='bbox 1462 1504 1525 1539; x_wconf 91' lang='grc' dir='ltr'>τε</span> <span class='ocrx_word' id='word_1_134' title='bbox 1556 1478 1780 1556; x_wconf 88' lang='grc' dir='ltr'>δένδρεα</span> <span class='ocrx_word' id='word_1_135' title='bbox 1805 1480 1898 1540; x_wconf 86' lang='grc' dir='ltr'>καὶ</span> 
     </span>
     <span class='ocr_line' id='line_1_18' title="bbox 295 1564 1896 1646; baseline 0.002 -22"><span class='ocrx_word' id='word_1_136' title='bbox 295 1591 397 1625; x_wconf 92' lang='grc' dir='ltr'>τον</span> <span class='ocrx_word' id='word_1_137' title='bbox 423 1564 637 1641; x_wconf 78' lang='grc' dir='ltr'>καρπὸν</span> <span class='ocrx_word' id='word_1_138' title='bbox 656 1564 756 1624; x_wconf 77' lang='grc' dir='ltr'>τὸν</span> <span class='ocrx_word' id='word_1_139' title='bbox 782 1568 940 1646; x_wconf 47' lang='grc' dir='ltr'>ἐνρῇ</span> <span class='ocrx_word' id='word_1_140' title='bbox 964 1568 1048 1644; x_wconf 82' lang='grc' dir='ltr'>γῇ</span> <span class='ocrx_word' id='word_1_141' title='bbox 1061 1564 1199 1629; x_wconf 82' lang='grc' dir='ltr'>ὅκως</span> <span class='ocrx_word' id='word_1_142' title='bbox 1224 1564 1577 1643; x_wconf 84' lang='grc' dir='ltr'>διαφθείρειε,</span> <span class='ocrx_word' id='word_1_143' title='bbox 1597 1565 1896 1630; x_wconf 59' lang='lat' dir='ltr'>arro-Mau·-</span> 
     </span>
    </p>

    <p class='ocr_par' dir='ltr' id='par_1_4' title="bbox 246 1651 1897 2083">
     <span class='ocr_line' id='line_1_19' title="bbox 246 1651 1897 1733; baseline 0.001 -21"><span class='ocrx_word' id='word_1_144' title='bbox 246 1698 251 1704; x_wconf 81' lang='lat'><em>-</em></span> <span class='ocrx_word' id='word_1_145' title='bbox 296 1678 432 1712; x_wconf 88' lang='grc' dir='ltr'>σετο</span> <span class='ocrx_word' id='word_1_146' title='bbox 459 1652 661 1712; x_wconf 83' lang='grc' dir='ltr'>ὀπίσω·</span> <span class='ocrx_word' id='word_1_147' title='bbox 693 1655 794 1728; x_wconf 85' lang='grc' dir='ltr'>τῆς</span> <span class='ocrx_word' id='word_1_148' title='bbox 817 1651 929 1733; x_wconf 73' lang='grc' dir='ltr'>γὰρ</span> <span class='ocrx_word' id='word_1_149' title='bbox 958 1651 1259 1729; x_wconf 78' lang='grc' dir='ltr'>θαλάσσης</span> <span class='ocrx_word' id='word_1_150' title='bbox 1289 1656 1345 1713; x_wconf 80' lang='grc' dir='ltr'>οἳ</span> <span class='ocrx_word' id='word_1_151' title='bbox 1370 1653 1698 1730; x_wconf 84' lang='grc' dir='ltr'>Μιλήσιοι’</span> <span class='ocrx_word' id='word_1_152' title='bbox 1672 1655 1897 1731; x_wconf 87' lang='grc' dir='ltr'>επεκρά-</span> 
     </span>
     <span class='ocr_line' id='line_1_20' title="bbox 294 1737 1897 1822; baseline 0.001 -23"><span class='ocrx_word' id='word_1_153' title='bbox 294 1765 438 1809; x_wconf 87' lang='grc' dir='ltr'>τεον,</span> <span class='ocrx_word' id='word_1_154' title='bbox 467 1739 616 1799; x_wconf 83' lang='grc' dir='ltr'>ὥστε</span> <span class='ocrx_word' id='word_1_155' title='bbox 651 1740 881 1822; x_wconf 64' lang='grc' dir='ltr'>ἐπέδρης</span> <span class='ocrx_word' id='word_1_156' title='bbox 914 1737 996 1816; x_wconf 81' lang='grc' dir='ltr'><em>μή</em></span> <span class='ocrx_word' id='word_1_157' title='bbox 1029 1738 1169 1799; x_wconf 79' lang='grc' dir='ltr'>εἶναι</span> <span class='ocrx_word' id='word_1_158' title='bbox 1201 1741 1363 1820; x_wconf 82' lang='grc' dir='ltr'>ἔργον</span> <span class='ocrx_word' id='word_1_159' title='bbox 1391 1743 1464 1819; x_wconf 82' lang='grc' dir='ltr'>τῇ</span> <span class='ocrx_word' id='word_1_160' title='bbox 1497 1745 1737 1820; x_wconf 84' lang='grc' dir='ltr'>στρατιῇ</span> <span class='ocrx_word' id='word_1_161' title='bbox 1794 1740 1897 1806; x_wconf 58' lang='grc' dir='ltr'>τοῖς</span> 
     </span>
     <span class='ocr_line' id='line_1_21' title="bbox 294 1824 1896 1902; baseline 0.001 -16"><span class='ocrx_word' id='word_1_162' title='bbox 294 1826 354 1886; x_wconf 86' lang='grc' dir='ltr'>δὲ</span> <span class='ocrx_word' id='word_1_163' title='bbox 391 1826 567 1890; x_wconf 79' lang='grc' dir='ltr'>οἰκίας</span> <span class='ocrx_word' id='word_1_164' title='bbox 603 1824 669 1886; x_wconf 79' lang='grc' dir='ltr'>οὗ</span> <span class='ocrx_word' id='word_1_165' title='bbox 701 1827 1026 1902; x_wconf 83' lang='grc' dir='ltr'>κατέβαλλε</span> <span class='ocrx_word' id='word_1_166' title='bbox 1059 1824 1092 1887; x_wconf 78' lang='grc' dir='ltr'>ὅ</span> <span class='ocrx_word' id='word_1_167' title='bbox 1119 1826 1301 1890; x_wconf 76' lang='grc' dir='ltr'>Λυδός</span> <span class='ocrx_word' id='word_1_168' title='bbox 1329 1828 1499 1887; x_wconf 81' lang='grc' dir='ltr'>τῶνδε</span> <span class='ocrx_word' id='word_1_169' title='bbox 1534 1828 1730 1898; x_wconf 83' lang='grc' dir='ltr'>εἵνεκα,</span> <span class='ocrx_word' id='word_1_170' title='bbox 1758 1827 1896 1893; x_wconf 82' lang='grc' dir='ltr'>ὅκως</span> 
     </span>
     <span class='ocr_line' id='line_1_22' title="bbox 296 1912 1896 1995; baseline 0.002 -23"><span class='ocrx_word' id='word_1_171' title='bbox 296 1914 474 1992; x_wconf 83' lang='grc' dir='ltr'>ἔχοιεν</span> <span class='ocrx_word' id='word_1_172' title='bbox 506 1913 755 1975; x_wconf 84' lang='grc' dir='ltr'>ἐνθεῦτεν</span> <span class='ocrx_word' id='word_1_173' title='bbox 787 1912 1143 1991; x_wconf 72' lang='grc' dir='ltr'>ὅρμεῶμενοι.</span> <span class='ocrx_word' id='word_1_174' title='bbox 1162 1913 1268 1989; x_wconf 82' lang='grc' dir='ltr'>τὴν</span> <span class='ocrx_word' id='word_1_175' title='bbox 1290 1917 1400 1995; x_wconf 80' lang='grc' dir='ltr'>γῆν</span> <span class='ocrx_word' id='word_1_176' title='bbox 1431 1915 1682 1992; x_wconf 84' lang='grc' dir='ltr'>σπείρειν</span> <span class='ocrx_word' id='word_1_177' title='bbox 1705 1941 1769 1977; x_wconf 89' lang='grc' dir='ltr'>τε</span> <span class='ocrx_word' id='word_1_178' title='bbox 1802 1917 1896 1975; x_wconf 87' lang='grc' dir='ltr'>καὶ</span> 
     </span>
     <span class='ocr_line' id='line_1_23' title="bbox 294 1998 1894 2083; baseline 0.003 -24"><span class='ocrx_word' id='word_1_179' title='bbox 294 1999 628 2081; x_wconf 82' lang='grc' dir='ltr'>ἐργάζεσθαι</span> <span class='ocrx_word' id='word_1_180' title='bbox 644 2003 699 2060; x_wconf 79' lang='grc' dir='ltr'>οἱ</span> <span class='ocrx_word' id='word_1_181' title='bbox 715 2000 1013 2076; x_wconf 84' lang='grc' dir='ltr'>Μιλήσιοι,</span> <span class='ocrx_word' id='word_1_182' title='bbox 1029 1998 1196 2064; x_wconf 80' lang='grc' dir='ltr'>αὖτὸς</span> <span class='ocrx_word' id='word_1_183' title='bbox 1212 2001 1272 2060; x_wconf 83' lang='grc' dir='ltr'>δὲ</span> <span class='ocrx_word' id='word_1_184' title='bbox 1288 2001 1503 2062; x_wconf 87' lang='grc' dir='ltr'>ἐκείνων</span> <span class='ocrx_word' id='word_1_185' title='bbox 1518 2002 1894 2083; x_wconf 79' lang='grc' dir='ltr'>ἐργαζομένων</span> 
     </span>
    </p>

    <p class='ocr_par' dir='ltr' id='par_1_5' title="bbox 201 2086 1892 2438">
     <span class='ocr_line' id='line_1_24' title="bbox 201 2086 1891 2165; baseline 0.002 -19"><span class='ocrx_word' id='word_1_186' title='bbox 201 2090 276 2148; x_wconf 89' lang='grc'>18</span> <span class='ocrx_word' id='word_1_187' title='bbox 296 2089 415 2165; x_wconf 83' lang='grc' dir='ltr'>ἔχοι</span> <span class='ocrx_word' id='word_1_188' title='bbox 438 2113 495 2147; x_wconf 89' lang='grc' dir='ltr'>τι</span> <span class='ocrx_word' id='word_1_189' title='bbox 521 2089 614 2148; x_wconf 86' lang='grc' dir='ltr'>καὶ</span> <span class='ocrx_word' id='word_1_190' title='bbox 641 2087 902 2148; x_wconf 85' lang='grc' dir='ltr'>σίνεσθαι</span> <span class='ocrx_word' id='word_1_191' title='bbox 927 2086 1254 2163; x_wconf 78' lang='grc' dir='ltr'>ἐσβάλλων.</span> <span class='ocrx_word' id='word_1_192' title='bbox 1321 2092 1516 2149; x_wconf 75' lang='grc' dir='ltr'>Ταῦτα</span> <span class='ocrx_word' id='word_1_193' title='bbox 1533 2091 1736 2151; x_wconf 84' lang='grc' dir='ltr'>ποιέων</span> <span class='ocrx_word' id='word_1_194' title='bbox 1762 2094 1891 2152; x_wconf 88' lang='grc' dir='ltr'>ἐπο-</span> 
     </span>
     <span class='ocr_line' id='line_1_25' title="bbox 292 2174 1892 2258; baseline 0.002 -24"><span class='ocrx_word' id='word_1_195' title='bbox 292 2176 461 2252; x_wconf 88' lang='grc' dir='ltr'>λέμεε</span> <span class='ocrx_word' id='word_1_196' title='bbox 481 2176 606 2235; x_wconf 84' lang='grc' dir='ltr'>ἔτεα</span> <span class='ocrx_word' id='word_1_197' title='bbox 627 2174 836 2235; x_wconf 78' lang='grc' dir='ltr'>ἕνδεκα·</span> <span class='ocrx_word' id='word_1_198' title='bbox 869 2178 928 2235; x_wconf 90' lang='grc' dir='ltr'>ἐν</span> <span class='ocrx_word' id='word_1_199' title='bbox 946 2177 1101 2235; x_wconf 85' lang='grc' dir='ltr'>τοῖσι</span> <span class='ocrx_word' id='word_1_200' title='bbox 1123 2174 1388 2252; x_wconf 75' lang='grc' dir='ltr'>τρώματα</span> <span class='ocrx_word' id='word_1_201' title='bbox 1406 2175 1633 2258; x_wconf 83' lang='grc' dir='ltr'>μεγάλα</span> <span class='ocrx_word' id='word_1_202' title='bbox 1652 2174 1892 2252; x_wconf 84' lang='grc' dir='ltr'>διφάσια</span> 
     </span>
     <span class='ocr_line' id='line_1_26' title="bbox 291 2262 1890 2343; baseline 0 -19"><span class='ocrx_word' id='word_1_203' title='bbox 291 2262 651 2339; x_wconf 85' lang='grc' dir='ltr'>Μιλησίων’</span> <span class='ocrx_word' id='word_1_204' title='bbox 623 2262 857 2343; x_wconf 75' lang='grc' dir='ltr'>ἐγένετο,</span> <span class='ocrx_word' id='word_1_205' title='bbox 878 2262 936 2321; x_wconf 86' lang='grc' dir='ltr'>ἔν</span> <span class='ocrx_word' id='word_1_206' title='bbox 959 2286 1024 2324; x_wconf 81' lang='grc' dir='ltr'>τε</span> <span class='ocrx_word' id='word_1_207' title='bbox 1047 2264 1325 2342; x_wconf 88' lang='grc' dir='ltr'>Λιμενηιω</span> <span class='ocrx_word' id='word_1_208' title='bbox 1350 2262 1536 2342; x_wconf 75' lang='grc' dir='ltr'>χώρης</span> <span class='ocrx_word' id='word_1_209' title='bbox 1558 2267 1660 2339; x_wconf 76' lang='grc' dir='ltr'>τῆς</span> <span class='ocrx_word' id='word_1_210' title='bbox 1687 2265 1890 2340; x_wconf 89' lang='grc' dir='ltr'>σφετέ-</span> 
     </span>
     <span class='ocr_line' id='line_1_27' title="bbox 289 2349 1891 2438; baseline 0.003 -29"><span class='ocrx_word' id='word_1_211' title='bbox 289 2375 392 2429; x_wconf 87' lang='grc' dir='ltr'>ρης</span> <span class='ocrx_word' id='word_1_212' title='bbox 415 2350 837 2438; x_wconf 81' lang='grc' dir='ltr'>μαχεσαμένων,</span> <span class='ocrx_word' id='word_1_213' title='bbox 866 2350 958 2408; x_wconf 85' lang='grc' dir='ltr'>καὶ</span> <span class='ocrx_word' id='word_1_214' title='bbox 984 2354 1043 2409; x_wconf 90' lang='grc' dir='ltr'>ἐν</span> <span class='ocrx_word' id='word_1_215' title='bbox 1069 2349 1394 2428; x_wconf 87' lang='grc' dir='ltr'>Μαιάνδρου</span> <span class='ocrx_word' id='word_1_216' title='bbox 1419 2352 1607 2411; x_wconf 87' lang='grc' dir='ltr'>πεδίω.</span> <span class='ocrx_word' id='word_1_217' title='bbox 1667 2352 1763 2434; x_wconf 88' lang='grc' dir='ltr'>(τα</span> <span class='ocrx_word' id='word_1_218' title='bbox 1784 2354 1891 2428; x_wconf 82' lang='grc' dir='ltr'>μέν</span> 
     </span>
    </p>

    <p class='ocr_par' dir='ltr' id='par_1_6' title="bbox 285 2436 1956 3129">
     <span class='ocr_line' id='line_1_28' title="bbox 428 2436 1956 2517; baseline 0.002 -20.058"><span class='ocrx_word' id='word_1_219' title='bbox 428 2438 558 2507; x_wconf 80' lang='grc' dir='ltr'>ἓ”ξ</span> <span class='ocrx_word' id='word_1_220' title='bbox 529 2463 652 2497; x_wconf 87' lang='grc' dir='ltr'>ετεα</span> <span class='ocrx_word' id='word_1_221' title='bbox 689 2440 799 2497; x_wconf 77' lang='grc' dir='ltr'>τῶν</span> <span class='ocrx_word' id='word_1_222' title='bbox 841 2436 1032 2496; x_wconf 80' lang='grc' dir='ltr'>ἕνδεκα</span> <span class='ocrx_word' id='word_1_223' title='bbox 1071 2436 1424 2513; x_wconf 79' lang='grc' dir='ltr'>Σαρδυάττης</span> <span class='ocrx_word' id='word_1_224' title='bbox 1463 2438 1497 2499; x_wconf 78' lang='grc' dir='ltr'>ὅ</span> <span class='ocrx_word' id='word_1_225' title='bbox 1532 2438 1841 2517; x_wconf 73' lang='grc' dir='ltr'>Ἀρδυος”</span> <span class='ocrx_word' id='word_1_226' title='bbox 1810 2467 1891 2501; x_wconf 90' lang='grc' dir='ltr'>ετι</span> <span class='ocrx_word' id='word_1_227' title='bbox 1953 2485 1956 2488; x_wconf 19' lang='grc' dir='ltr'><strong>Δ</strong></span> 
     </span>
     <span class='ocr_line' id='line_1_29' title="bbox 289 2507 1889 2637; baseline 0.001 -52"><span class='ocrx_word' id='word_1_228' title='bbox 289 2524 547 2585; x_wconf 77' lang='grc' dir='ltr'>Λυδῶν’</span> <span class='ocrx_word' id='word_1_229' title='bbox 509 2549 664 2604; x_wconf 87' lang='grc' dir='ltr'>ηρχε,</span> <span class='ocrx_word' id='word_1_230' title='bbox 694 2521 728 2583; x_wconf 81' lang='grc' dir='ltr'>ὅ</span> <span class='ocrx_word' id='word_1_231' title='bbox 753 2523 845 2583; x_wconf 86' lang='grc' dir='ltr'>καὶ</span> <span class='ocrx_word' id='word_1_232' title='bbox 873 2507 1142 2598; x_wconf 80' lang='grc' dir='ltr'>ἐσβαλων</span> <span class='ocrx_word' id='word_1_233' title='bbox 1166 2529 1464 2601; x_wconf 85' lang='grc' dir='ltr'>τηνικαῦτα</span> <span class='ocrx_word' id='word_1_234' title='bbox 1490 2530 1545 2589; x_wconf 84' lang='grc' dir='ltr'>ἐς</span> <span class='ocrx_word' id='word_1_235' title='bbox 1569 2525 1675 2603; x_wconf 77' lang='grc' dir='ltr'>τήν</span> <span class='ocrx_word' id='word_1_236' title='bbox 1683 2532 1889 2637; x_wconf 80' lang='grc' dir='ltr'>Μιλη-</span> 
     </span>
     <span class='ocr_line' id='line_1_30' title="bbox 290 2608 1889 2721; baseline 0.003 -50"><span class='ocrx_word' id='word_1_237' title='bbox 290 2613 422 2687; x_wconf 88' lang='grc' dir='ltr'>σίην</span> <span class='ocrx_word' id='word_1_238' title='bbox 445 2609 548 2686; x_wconf 81' lang='grc' dir='ltr'>τήν</span> <span class='ocrx_word' id='word_1_239' title='bbox 575 2608 863 2687; x_wconf 86' lang='grc' dir='ltr'>στρατιήν·</span> <span class='ocrx_word' id='word_1_240' title='bbox 901 2608 1257 2721; x_wconf 78' lang='grc' dir='ltr'>Σαρδυάττης</span> <span class='ocrx_word' id='word_1_241' title='bbox 1281 2612 1394 2693; x_wconf 73' lang='grc' dir='ltr'>γάρ</span> <span class='ocrx_word' id='word_1_242' title='bbox 1423 2609 1583 2677; x_wconf 80' lang='grc' dir='ltr'>οὗτος</span> <span class='ocrx_word' id='word_1_243' title='bbox 1614 2613 1705 2673; x_wconf 83' lang='grc' dir='ltr'>καὶ</span> <span class='ocrx_word' id='word_1_244' title='bbox 1731 2614 1765 2674; x_wconf 79' lang='grc' dir='ltr'><em>ὅ</em></span> <span class='ocrx_word' id='word_1_245' title='bbox 1788 2614 1889 2676; x_wconf 76' lang='grc' dir='ltr'>τόν</span> 
     </span>
     <span class='ocr_line' id='line_1_31' title="bbox 288 2696 1888 2775; baseline 0.003 -17"><span class='ocrx_word' id='word_1_246' title='bbox 288 2696 602 2774; x_wconf 69' lang='grc' dir='ltr'>πόλεμον’</span> <span class='ocrx_word' id='word_1_247' title='bbox 565 2723 636 2774; x_wconf 90' lang='grc' dir='ltr'>ην</span> <span class='ocrx_word' id='word_1_248' title='bbox 662 2696 935 2775; x_wconf 86' lang='grc' dir='ltr'>συνάψας·</span> <span class='ocrx_word' id='word_1_249' title='bbox 966 2697 1039 2759; x_wconf 82' lang='grc' dir='ltr'>τοὶ</span> <span class='ocrx_word' id='word_1_250' title='bbox 1066 2698 1127 2757; x_wconf 84' lang='grc' dir='ltr'>δὲ</span> <span class='ocrx_word' id='word_1_251' title='bbox 1151 2699 1317 2760; x_wconf 89' lang='grc' dir='ltr'>πέντε</span> <span class='ocrx_word' id='word_1_252' title='bbox 1340 2703 1451 2761; x_wconf 76' lang='grc' dir='ltr'>τῶν</span> <span class='ocrx_word' id='word_1_253' title='bbox 1479 2702 1641 2761; x_wconf 86' lang='grc' dir='ltr'>ἐτέων</span> <span class='ocrx_word' id='word_1_254' title='bbox 1663 2701 1735 2761; x_wconf 84' lang='grc' dir='ltr'>τοὶ</span> <span class='ocrx_word' id='word_1_255' title='bbox 1763 2703 1888 2763; x_wconf 87' lang='grc' dir='ltr'>ἐπό-</span> 
     </span>
     <span class='ocr_line' id='line_1_32' title="bbox 287 2783 1889 2893; baseline 0.003 -48"><span class='ocrx_word' id='word_1_256' title='bbox 287 2810 429 2863; x_wconf 90' lang='grc' dir='ltr'>μενα</span> <span class='ocrx_word' id='word_1_257' title='bbox 453 2788 606 2845; x_wconf 80' lang='grc' dir='ltr'>τοῖσι</span> <span class='ocrx_word' id='word_1_258' title='bbox 641 2785 703 2854; x_wconf 80' lang='grc' dir='ltr'>ἓξ</span> <span class='ocrx_word' id='word_1_259' title='bbox 724 2783 1035 2861; x_wconf 77' lang='grc' dir='ltr'>Ἀλυάττης</span> <span class='ocrx_word' id='word_1_260' title='bbox 1061 2785 1094 2845; x_wconf 83' lang='grc' dir='ltr'>ὅ</span> <span class='ocrx_word' id='word_1_261' title='bbox 1122 2785 1479 2893; x_wconf 80' lang='grc' dir='ltr'>Σαρδυάττεω</span> <span class='ocrx_word' id='word_1_262' title='bbox 1512 2789 1797 2866; x_wconf 87' lang='grc' dir='ltr'>ἐπολέμεε,</span> <span class='ocrx_word' id='word_1_263' title='bbox 1825 2789 1889 2855; x_wconf 77' lang='grc' dir='ltr'>ὃς</span> 
     </span>
     <span class='ocr_line' id='line_1_33' title="bbox 288 2870 1891 2955; baseline 0.002 -22"><span class='ocrx_word' id='word_1_264' title='bbox 288 2870 815 2951; x_wconf 73' lang='grc' dir='ltr'>παραδεξάμενος,“</span> <span class='ocrx_word' id='word_1_265' title='bbox 773 2898 844 2936; x_wconf 87' lang='grc' dir='ltr'>ως</span> <span class='ocrx_word' id='word_1_266' title='bbox 871 2871 963 2931; x_wconf 83' lang='grc' dir='ltr'>καὶ</span> <span class='ocrx_word' id='word_1_267' title='bbox 981 2871 1252 2949; x_wconf 84' lang='grc' dir='ltr'>πρότερόν</span> <span class='ocrx_word' id='word_1_268' title='bbox 1269 2899 1370 2951; x_wconf 88' lang='grc' dir='ltr'>μοι</span> <span class='ocrx_word' id='word_1_269' title='bbox 1396 2874 1714 2952; x_wconf 85' lang='grc' dir='ltr'>δεδήλωται,</span> <span class='ocrx_word' id='word_1_270' title='bbox 1734 2878 1891 2955; x_wconf 85' lang='grc' dir='ltr'>παροὶ</span> 
     </span>
     <span class='ocr_line' id='line_1_34' title="bbox 286 2958 1887 3047; baseline 0.003 -29"><span class='ocrx_word' id='word_1_271' title='bbox 286 2964 389 3021; x_wconf 85' lang='grc' dir='ltr'>τοῦ</span> <span class='ocrx_word' id='word_1_272' title='bbox 433 2984 647 3037; x_wconf 86' lang='grc' dir='ltr'>πατρος</span> <span class='ocrx_word' id='word_1_273' title='bbox 697 2958 798 3019; x_wconf 73' lang='grc' dir='ltr'>τὸν</span> <span class='ocrx_word' id='word_1_274' title='bbox 848 2958 1103 3036; x_wconf 87' lang='grc' dir='ltr'>πόλεμον</span> <span class='ocrx_word' id='word_1_275' title='bbox 1155 2965 1426 3041; x_wconf 84' lang='grc' dir='ltr'>προσεῖχε</span> <span class='ocrx_word' id='word_1_276' title='bbox 1481 2964 1887 3047; x_wconf 83' lang='grc' dir='ltr'>ἐντεταμένως.)</span> 
     </span>
     <span class='ocr_line' id='line_1_35' title="bbox 285 3045 1889 3129; baseline 0.004 -22"><span class='ocrx_word' id='word_1_277' title='bbox 285 3052 441 3108; x_wconf 81' lang='grc' dir='ltr'>τοῖσι</span> <span class='ocrx_word' id='word_1_278' title='bbox 486 3047 547 3106; x_wconf 84' lang='grc' dir='ltr'>δὲ</span> <span class='ocrx_word' id='word_1_279' title='bbox 591 3046 936 3122; x_wconf 86' lang='grc' dir='ltr'>Μιλησίοισι</span> <span class='ocrx_word' id='word_1_280' title='bbox 976 3045 1210 3124; x_wconf 77' lang='grc' dir='ltr'>οὐδαμοὶ</span> <span class='ocrx_word' id='word_1_281' title='bbox 1255 3047 1451 3108; x_wconf 80' lang='grc' dir='ltr'>Ἰώνων</span> <span class='ocrx_word' id='word_1_282' title='bbox 1495 3050 1596 3110; x_wconf 80' lang='grc' dir='ltr'>τᾶν</span> <span class='ocrx_word' id='word_1_283' title='bbox 1633 3050 1889 3129; x_wconf 87' lang='grc' dir='ltr'>πόλεμον</span> 
     </span>
    </p>

    <p class='ocr_par' dir='ltr' id='par_1_7' title="bbox 247 3133 1889 3306">
     <span class='ocr_line' id='line_1_36' title="bbox 247 3133 1889 3226; baseline 0.003 -31"><span class='ocrx_word' id='word_1_284' title='bbox 247 3144 261 3226; x_wconf 77' lang='grc' dir='ltr'>Ι</span> <span class='ocrx_word' id='word_1_285' title='bbox 286 3138 488 3196; x_wconf 81' lang='grc' dir='ltr'>τοῦτον</span> <span class='ocrx_word' id='word_1_286' title='bbox 512 3133 1082 3210; x_wconf 82' lang='grc' dir='ltr'>συνεπελάφρυνον,</span> <span class='ocrx_word' id='word_1_287' title='bbox 1050 3158 1138 3193; x_wconf 86' lang='grc' dir='ltr'>οτι</span> <span class='ocrx_word' id='word_1_288' title='bbox 1154 3133 1249 3211; x_wconf 78' lang='grc' dir='ltr'>μὴ</span> <span class='ocrx_word' id='word_1_289' title='bbox 1275 3139 1409 3194; x_wconf 82' lang='grc' dir='ltr'>Χῖοι</span> <span class='ocrx_word' id='word_1_290' title='bbox 1432 3138 1649 3212; x_wconf 83' lang='grc' dir='ltr'>μοῦνοι.</span> <span class='ocrx_word' id='word_1_291' title='bbox 1732 3137 1889 3200; x_wconf 79' lang='grc' dir='ltr'>οὗτοι</span> 
     </span>
     <span class='ocr_line' id='line_1_37' title="bbox 285 3219 1887 3306; baseline 0.002 -24"><span class='ocrx_word' id='word_1_292' title='bbox 285 3220 347 3282; x_wconf 86' lang='grc' dir='ltr'>δὲ</span> <span class='ocrx_word' id='word_1_293' title='bbox 380 3220 448 3282; x_wconf 84' lang='grc' dir='ltr'><em>τό</em></span> <span class='ocrx_word' id='word_1_294' title='bbox 484 3220 681 3299; x_wconf 77' lang='grc' dir='ltr'>ὁμοῖον</span> <span class='ocrx_word' id='word_1_295' title='bbox 711 3219 1220 3284; x_wconf 83' lang='grc' dir='ltr'>α’νταποδιδόντες’</span> <span class='ocrx_word' id='word_1_296' title='bbox 1193 3245 1504 3298; x_wconf 88' lang='grc' dir='ltr'>ετιμωρεον·</span> <span class='ocrx_word' id='word_1_297' title='bbox 1545 3224 1638 3282; x_wconf 86' lang='grc' dir='ltr'>καὶ</span> <span class='ocrx_word' id='word_1_298' title='bbox 1665 3250 1779 3306; x_wconf 84' lang='grc' dir='ltr'>γαρ</span> <span class='ocrx_word' id='word_1_299' title='bbox 1816 3226 1887 3304; x_wconf 87' lang='grc' dir='ltr'>δη</span> 
     </span>
    </p>
   </div>
   <div class='ocr_carea' id='block_1_2' title="bbox 2115 3113 2137 3242">
    <p class='ocr_par' dir='ltr' id='par_1_8' title="bbox 2115 3113 2137 3242">
     <span class='ocr_line' id='line_1_38' title="bbox 2115 3113 2137 3242; textangle 90"><span class='ocrx_word' id='word_1_300' title='bbox 2115 3113 2137 3242; x_wconf 60' lang='lat' dir='ltr'><em>...ae-</em></span> 
     </span>
    </p>
   </div>
   <div class='ocr_carea' id='block_1_3' title="bbox 2121 619 2164 3487">
    <p class='ocr_par' dir='ltr' id='par_1_9' title="bbox 2121 619 2164 3487">
     <span class='ocr_line' id='line_1_39' title="bbox 2121 619 2164 3487; baseline 0 0"><span class='ocrx_word' id='word_1_301' title='bbox 2121 619 2164 3487; x_wconf 95' lang='lat' dir='ltr'> </span> 
     </span>
    </p>
   </div>
  </div>
 </body>
</html>
