2184 3517
229 95 452 162 56-62]
822 96 1274 147 ΜΕΛΠΟΜΕΝΗ.
1734 98 1829 149 303

227 177 389 241 θίους
422 174 597 241 πόδας
628 175 850 253 ἔστηκε·
891 175 925 235 ὅ
953 176 1013 235 δὲ
1040 174 1199 247 θύων,
1227 175 1432 237 ὄπισθε
1466 180 1569 237 τοῦ
1611 176 1836 253 κτήνεος

227 263 449 334 ἑστεώς,
504 263 737 328 σπάσας
796 263 900 340 τήν
957 263 1139 343 α’ρχήν
1194 268 1297 326 τοῦ
1360 264 1617 341 στρόφου
1671 291 1836 327 κατα-

224 353 448 428 βάλλει
488 378 605 428 μιν·
645 352 945 417 πίπτοντος
980 352 1040 410 δὲ
1069 355 1171 412 τοῦ
1210 352 1403 430 ἱρηίου,
1434 353 1713 412 ἐπικαλέει
1737 354 1836 413 τὸν

227 440 364 502 θεδν
393 444 475 518 τῷ
510 438 581 501 ἂν
611 439 738 519 θύῃ·
792 440 886 499 καὶ
919 441 1109 499 ἔπειτα
1148 440 1346 519 βρόχῳ
1382 441 1511 516 περὶ
1548 439 1621 499 ὦν
1658 441 1834 516 ἔβαλε

221 527 330 589 τᾶν
373 527 600 607 αὐχένα·
669 527 982 588 σκυταλίδα
1028 527 1088 587 δὲ
1131 526 1401 604 ἐμβαλών
1445 526 1697 609 περιάγει
1741 530 1834 588 καὶ

224 613 545 696 ἀποπνίγει,
574 614 699 676 οὔτε
728 619 843 691 πῦρ
881 613 1217 685 ἀνακαύσας,
1246 614 1371 675 οὔτε
1409 615 1834 692 καταρξάμενος,

225 701 347 762 οὔτ’
391 705 744 767 ἐπισπείσας·
784 702 1098 773 ἀποπνίξας
1131 703 1194 762 δὲ
1240 704 1333 763 καὶ
1373 702 1668 781 ἀποδείρας
1705 703 1835 782 τρά-

221 816 396 852 πεται
419 790 564 869 πρὸς
600 792 823 870 ἕψησιν·
863 795 978 867 Τῆς
1008 791 1069 850 δὲ
1091 794 1200 872 γῆς
1228 795 1329 868 τῆς
1366 792 1642 867 Σκυθικῆς
1672 796 1835 856 αἰνῶς
1851 794 1922 854 61

222 877 444 947 ἀξύλου
484 878 700 954 ἐούσης,
743 877 849 939 ὧδέ
887 885 1000 955 σφι
1038 884 1095 943 ἐς
1134 878 1240 954 τήν
1277 879 1483 958 ἕψησιν
1511 883 1623 940 τῶν
1663 884 1837 958 κρεῶν

224 965 536 1043 ἐξεύρηται·
578 966 747 1027 ἐπεοῖν
778 965 1118 1044 ἀποδείρωσι
1155 966 1229 1027 τοὶ
1270 966 1436 1043 ἱρήϊα,
1462 972 1738 1048 γυμνοῦσι
1760 968 1834 1029 τοὶ

221 1051 407 1114 ὄστέα
443 1058 554 1115 τῶν
593 1058 785 1133 κρεῶν·
834 1055 1024 1115 ἔπειτα
1067 1053 1452 1132 ἐσβάλλουσι,
1488 1053 1559 1130 ἢν
1598 1057 1704 1131 μὲν
1741 1058 1834 1116 τύ-

219 1166 382 1221 χωσι
421 1144 640 1222 ἔχοντες
659 1144 921 1220 λέβητας
955 1142 1297 1223 ἐπιχωρίους,
1336 1142 1594 1220 μάλιστα
1634 1143 1846 1221 Λεσβί-

222 1253 351 1290 οισι
402 1233 680 1344 κρητῆρσι
726 1230 1130 1308 προσεικέλους
1181 1230 1349 1311 χωρὶς
1402 1228 1439 1306 ἢ
1495 1228 1582 1288 ὅτι
1632 1234 1833 1310 πολλῷ

219 1317 527 1394 μέζονας,’
501 1344 557 1382 ες
580 1318 810 1403 τούτους
829 1318 1234 1396 ἐσβάλλοντες,
1259 1317 1511 1405 ἕψουσι*
1477 1319 1837 1383 υποκαίοντες

220 1404 302 1464 τὰ
327 1404 503 1466 ὀστέα
525 1409 636 1467 τῶν
674 1406 881 1483 ἶρηιων·
924 1405 993 1483 ἢν
1026 1407 1087 1466 δὲ
1116 1406 1199 1485 μή
1227 1414 1341 1483 σφι
1376 1410 1530 1485 παρῇ
1556 1407 1752 1484 λέβης,
1780 1434 1836 1468 οι

224 1491 347 1551 δὲ’
316 1517 376 1557 ες
396 1518 500 1561 τας
520 1494 800 1575 γαστέρας
823 1498 935 1557 τῶν
963 1494 1151 1572 ἱρηΐων
1189 1494 1576 1572 ἐσβάλλοντες
1599 1493 1673 1554 τοὶ
1702 1520 1836 1572 κρεα

226 1578 417 1640 πάντα
444 1581 537 1640 καὶ
561 1581 973 1659 παραμίξαντες
999 1581 1161 1659 ὕδωρ,
1183 1582 1518 1643 ὑποκαίουσι
1541 1582 1615 1642 τοὶ
1641 1580 1834 1643 ὀστέα·

223 1667 303 1729 τοὶ
348 1668 408 1727 δὲ
446 1668 662 1729 αἴθεται
702 1668 1009 1730 κάλλιστα·
1051 1673 1113 1729 αἱ
1153 1670 1214 1731 δὲ
1247 1666 1519 1752 γαστέρες
1557 1672 1836 1749 χωρέουσι

227 1755 497 1821 εὐπετέως
526 1757 600 1817 τά
631 1758 765 1835 κρέα
801 1757 1120 1836 ἐψιλωμένα
1150 1761 1262 1819 τῶν
1297 1758 1526 1819 ὀστέων·
1570 1758 1662 1817 καὶ
1694 1757 1836 1819 οὕτω

219 1845 378 1922 βοῦς
426 1870 490 1906 τε
528 1844 729 1907 ἑωυτόν
779 1845 979 1924 ἐξέψει,
1022 1845 1116 1904 καὶ
1153 1845 1227 1905 τοὶ
1279 1844 1435 1906 ἄλλα
1477 1843 1629 1923 ιρήῖα
1669 1846 1837 1907 ἐωυτο

222 1934 489 1994 ἕκαστον·
558 1933 728 1993 ἐπεοὶν
779 1933 841 1993 δε
895 1935 1077 2013 ἑψηθῇ
1128 1959 1202 1994 τα
1244 1936 1394 2012 κρέα,
1436 1933 1469 1994 ὁ
1511 1932 1689 1998 θυσας
1726 1938 1838 1995 τῶν

222 2024 407 2099 κρεῶν
432 2021 526 2080 καὶ
549 2024 660 2081 τῶν
690 2019 1041 2103 σπλάγχνων
1066 2020 1507 2099 ἀπαρξάμενοςε
1479 2023 1662 2099 ρίπτει
1690 2026 1744 2085 ἐς
1769 2023 1836 2082 τό

222 2110 570 2187 ἔμπροσθεν.
652 2108 855 2170 θύουσι
893 2110 954 2169 δὲ
993 2109 1086 2168 καὶ
1123 2109 1196 2169 τὰ
1244 2109 1399 2169 ἄλλα
1438 2110 1706 2188 πρόβατα
1745 2111 1838 2169 καὶ

224 2198 438 2261 ἵππους
460 2197 736 2275 μάλιστα.

315 2287 480 2346 Τοῖσι
505 2287 610 2362 μὲν
635 2285 703 2361 δὴ
740 2283 977 2346 ἄλλοισι
1010 2308 1122 2346 των
1163 2285 1304 2363 θεῷν
1331 2283 1475 2343 οὕτω
1514 2283 1714 2345 θύουσι
1746 2313 1839 2346 και
1817 2287 1932 2348 62

221 2373 414 2433 ταῦτα
436 2397 548 2433 των
567 2373 822 2449 κτηνέων,
842 2378 920 2452 τῷ
946 2373 1005 2433 δὲ
1032 2371 1141 2448 δή”
1142 2379 1288 2449 Αρηῖ
1317 2368 1440 2431 ὦδε·
1476 2396 1617 2431 κατα
1635 2373 1839 2450 νομους

226 2459 530 2523 ἑκάστοισι
567 2464 680 2520 τῶν
717 2458 963 2540 ἀρχηιων
1003 2456 1292 2539 ἐσίδρυταί
1327 2464 1440 2536 σφι
1469 2457 1736 2535 *Αρηος“
1719 2460 1838 2538 ιρὸν

226 2546 469 2609 τοιόνδε·
510 2547 809 2655 φρυγάνων
840 2547 1084 2624 φάκελοι
1117 2547 1476 2608 συννενέαται
1502 2546 1640 2607 ὅσον
1668 2546 1717 2608 τ’
1745 2549 1838 2606 ἐπὶ

225 2635 496 2701 σταδίους
535 2640 683 2714 τρεῖς
720 2639 899 2714 μῆκος
939 2636 1032 2696 καὶ
1071 2635 1246 2713 εὖρος,
1282 2634 1424 2714 ὕψος
1463 2635 1524 2695 δὲ
1565 2636 1834 2697 ἔλασσον·

228 2722 347 2783 ἄνω
385 2724 446 2783 δὲ
482 2748 701 2832 τουτου,
742 2722 1086 2805 τετράγωνον
1125 2722 1330 2783 ἄπεδον
1375 2724 1693 2800 πεποίηται·
1747 2724 1839 2784 καὶ
1882 2790 1885 2797 f

227 2809 307 2871 τοὶ
330 2813 437 2887 μὲν
459 2813 589 2891 τρία
613 2815 723 2872 τῶν
750 2811 994 2872 κωλων’
968 2811 1095 2872 εστὶ
1121 2809 1398 2888 ἀπότομα,
1417 2811 1558 2872 κατοὶ
1583 2814 1643 2871 δὲ
1667 2812 1734 2873 τὸ
1763 2812 1838 2885 ἓν,

231 2899 529 2976 ἐπιβατόν·
571 2900 719 2963 ἔτεος
751 2899 813 2958 δὲ
838 2898 1077 2960 ἑκάστου
1118 2898 1335 2975 ἀμάξας
1373 2900 1718 2974 πεντήκοντα
1746 2901 1839 2960 καὶ

234 2986 432 3046 ἑκατόν
458 2987 740 3046 ἐπινέουσι
766 2978 1081 3067 φρυγάνων·
1122 2986 1453 3045 ὑπονοστέει
1485 2987 1595 3066 ιγοὶρ
1636 2987 1705 3063 δή
1733 2989 1840 3048 αἰεὶ

231 3071 347 3133 ὖπό
372 3077 484 3133 τῶν
508 3073 811 3153 χειμώνων.
845 3083 852 3086 ’
891 3074 984 3132 ἐπὶ
1006 3073 1209 3133 τούτου
1237 3073 1304 3147 δή
1329 3077 1430 3132 τοῦ
1457 3072 1627 3153 ὄγκου
1653 3073 1838 3134 ἀκινά-

233 3186 335 3237 κης
376 3160 635 3237 σιδήρεος
680 3160 890 3237 ἵδρυται
930 3159 1164 3237 ἀρχαῖος
1211 3159 1519 3231 ἑκάστοισι,
1557 3162 1650 3220 καὶ
1688 3162 1839 3222 τοῦτ’

233 3248 361 3309 ἔστι
397 3252 500 3308 τοῦ
529 3246 742 3324 ''Ap-1205
771 3247 840 3307 τὰ
882 3245 1135 3328 ἄγαλμα·
1176 3245 1354 3326 τούτῳ
1384 3247 1445 3331 δὲ
1481 3250 1560 3326 τῷ
1593 3246 1840 3310 ἀκινάκεῖ

611 3358 634 3371 Q
