2184 3517
236 136 468 201 ⁷o—76]
929 136 1256 187 ETTEPIIH.
1762 140 1858 188 143

238 214 530 295 λέγοντες·
574 214 638 285 ἐξ
674 212 949 292 Ἀραβίης
988 213 1358 293 ὅρμεῶμενον,
1397 219 1453 280 ἐς
1490 215 1561 276 τὰ
1602 215 1724 293 ἱρὸν
1761 220 1863 278 τοῦ

237 301 454 363 Ἡλίου
482 303 729 379 κομίζειν
748 300 846 362 τᾶν
862 302 1079 379 πατέρα
1107 306 1166 362 ἐν
1186 301 1407 381 σμύρνῃ
1430 300 1859 379 ἐμπλάσσοντα,

241 391 337 450 καὶ
365 388 604 451 θάπτειν
632 395 690 449 ἐν
716 393 817 449 τοῦ
841 388 1044 450 Ἡλίου
1070 393 1148 468 τῷ
1174 393 1289 468 ἱρῷ·
1333 390 1578 466 κομίζειν
1603 389 1663 449 δὲ
1691 389 1854 451 οὕτω·

239 482 490 557 πρῶτον,
515 481 618 554 τῆς
649 477 901 555 σμύρνης
927 476 1036 538 ὦόν
1059 477 1348 539 πλάσσειν
1374 476 1515 539 ὅσον
1539 504 1602 539 τε
1629 478 1860 545 δυνατός

240 571 375 627 ἐστι
423 567 638 643 φέρειν·
700 565 843 643 μετσῖ
885 566 961 636 δὲ,
1008 566 1316 643 πειρᾶσθαι
1370 564 1505 626 αὐτὰ
1554 567 1855 644 φορέοντα·

241 652 422 715 ἐπεάν
463 653 525 714 δὲ
564 652 934 734 ἀποπειρηθῇ,
976 653 1119 714 οὕτω
1160 652 1230 730 δή
1273 653 1610 735 κοιλήναντα
1643 655 1711 715 τό
1753 654 1862 717 ὥὸν

240 742 346 803 τᾶν
377 743 598 820 πατέρα
636 746 692 806 ἐς
724 740 861 802 αὐτὰ
895 742 1183 802 ἐντιθέναι·
1226 741 1446 821 σμύρνῃ
1480 742 1540 801 δὲ
1571 741 1725 822 ἄλλῃ
1766 748 1860 821 ἐμ-

242 829 542 890 πλάσσειν
560 833 727 891 τοῦτο
754 828 872 889 κατ’
892 828 925 890 ὅ
942 856 999 890 τι
1023 833 1127 889 τοῦ
1149 828 1258 889 ὦοῦ
1279 829 1608 910 ἐγκοιλῄνας
1634 831 1858 907 ἐνέθηκε

241 916 348 978 τᾶν
401 917 638 995 πατέρα·
695 916 1017 994 ἐσκειμένου
1063 916 1126 976 δὲ
1176 920 1278 977 τοῦ
1322 917 1549 995 πατρός,
1596 919 1857 999 γίνεσθαι

242 1005 429 1067 ταῗυτό
470 1005 672 1085 βάρος·
713 1005 1083 1081 ἐμπλάσαντα
1124 1003 1184 1063 δὲ
1225 1004 1468 1080 κομίζειν
1505 1029 1603 1081 μιν
1644 1005 1728 1064 ἐπ’
1759 1010 1856 1067 Αἰ-

242 1092 470 1175 γύπτου
506 1098 562 1158 ἐς
594 1097 695 1154 τοῦ
735 1092 938 1170 Ἡλίου
973 1091 1041 1153 τὰ
1079 1090 1220 1170 ἱρόν.
1272 1095 1479 1171 ’ταῦτα
1521 1094 1627 1168 μὲν
1657 1091 1857 1155 τοῦτον

244 1180 351 1243 τᾶν
380 1180 533 1259 ὄρνιν
558 1180 796 1261 λέγουσι
820 1181 1047 1241 ποιέειν.

327 1270 471 1329 Εἰσὶ
497 1268 558 1328 δὲ
582 1269 710 1344 περὶ
729 1267 930 1344 Θήβας
957 1268 1066 1345 ἱροὶ
1092 1266 1255 1345 ὄφιες
1280 1258 1584 1346 α’νθρῶπων
1604 1265 1856 1346 ούδαμῶς
1873 1274 1951 1332 74

245 1355 583 1434 δηλήμονες·
616 1356 670 1416 οἳ
694 1354 929 1436 μεγάθεϊ
955 1354 1138 1421 ἐόντες
1163 1356 1355 1433 μικροὶ
1381 1356 1480 1416 δύο
1507 1355 1670 1435 κέρεα
1689 1357 1856 1435 φορέ-

248 1471 383 1505 ουσι
401 1443 695 1521 πεφυκότα
714 1443 778 1514 ἐξ
800 1442 971 1522 ἄκρης
994 1448 1098 1521 τῆς
1117 1449 1391 1522 κεφαλῆς·
1421 1444 1552 1510 τούς
1573 1445 1856 1507 θάπτουσι

248 1531 635 1596 ἀποθανόντας
651 1537 727 1603 ὁἐν
756 1535 833 1611 τῷ
861 1535 958 1612 ἳρῷ
980 1537 1082 1593 τοῦ
1111 1532 1266 1597 Διός·
1306 1533 1508 1594 τούτου
1531 1531 1643 1615 γάρ
1672 1539 1858 1610 σφεας
1916 1599 1919 1602 ,

246 1625 350 1681 τοῦ
395 1622 526 1682 θεοῦ
543 1660 555 1670 ·
573 1621 722 1697 φασὶ
769 1620 908 1681 εἶναι
953 1617 1122 1698 ἱρούς.
1200 1619 1373 1682 Ἔστι
1421 1622 1482 1682 δὲ
1525 1626 1709 1702 χῶρος
1753 1626 1855 1700 τῆς
1872 1623 1949 1684 75

247 1706 542 1787 Ἀραβίης,
571 1708 712 1770 κατὰ
735 1712 986 1770 Βουτοῦν
1011 1708 1183 1771 πόλιν
1206 1708 1463 1787 μάλιστά
1489 1736 1558 1788 κη
1586 1712 1852 1790 κείμενος·

250 1797 342 1857 καὶ
384 1802 441 1861 ἐς
481 1800 649 1857 τοῦτο
688 1797 756 1858 τό
798 1798 1003 1876 χωρίον
1041 1796 1238 1874 ἦλθον,
1274 1798 1686 1875 πυνθανόμενος
1724 1798 1855 1876 περὶ

247 1887 358 1945 τῶν
398 1886 692 1961 πτερωτῶν
737 1881 935 1959 ὀφίων·
993 1879 1325 1961 ἀπικόμενος
1375 1886 1437 1947 δὲ
1489 1886 1634 1947 εἶδον
1676 1885 1852 1947 ὄστέά

248 1970 429 2049 ὀφίων
456 1972 549 2031 καὶ
579 1969 840 2042 οἷκάνθας,
868 1971 1079 2048 πλήθεΐ
1106 1976 1211 2051 μὲν
1237 1973 1479 2034 ἀδύνατα
1511 1973 1854 2056 ἀπηγήσασ-

249 2061 363 2120 θαι·
404 2060 581 2137 σωροὶ
616 2060 676 2119 δὲ
705 2059 857 2136 ἦσαν
887 2058 1169 2122 ἀκανθέων
1195 2062 1293 2132 καὶ,
1316 2062 1558 2143 μεγάλοι
1590 2064 1683 2122 καὶ
1717 2062 1852 2124 ὕπο-

249 2148 546 2226 δεέστεροι,
569 2148 661 2207 καὶ
689 2148 998 2213 ἐλάσσονες
1025 2149 1106 2209 ἔτι
1124 2149 1350 2211 τούτων·
1383 2152 1596 2211 πολλοὶ
1623 2151 1683 2210 δὲ
1700 2150 1851 2227 ἦσαν

250 2234 423 2298 οὗτοι.
506 2238 629 2297 ἔστι
677 2236 737 2296 δὲ
783 2235 816 2296 ὅ
860 2239 1044 2315 χῶρος
1089 2235 1252 2301 οὗτος
1298 2242 1358 2297 ἐν
1399 2242 1477 2316 τῷ
1516 2240 1576 2297 αἰ
1616 2237 1851 2299 ἄκανθαι

251 2324 654 2405 κατακεχύαται
678 2322 903 2385 τοιόσδε
928 2350 1029 2388 τις·
1059 2323 1283 2400 ἐσβολὴ
1312 2323 1376 2394 ἐξ
1400 2323 1604 2401 οὐρέων
1621 2329 1851 2386 στεινῶν

253 2419 306 2478 ἐς
350 2414 542 2474 πεδίον
585 2412 754 2495 μέγα·
800 2411 868 2473 τό
916 2412 978 2472 δὲ
1015 2413 1207 2472 πεδίον
1251 2415 1418 2474 τοῦτο
1465 2413 1734 2473 συνάπτει
1772 2416 1850 2494 τῷ

250 2502 535 2584 Αἰγυπτίῳ
559 2501 749 2581 πεδίῳ·
787 2499 963 2581 λόγος
993 2500 1057 2561 δέ
1080 2505 1221 2571 ἐστι,
1249 2499 1367 2579 ἅμα
1397 2504 1475 2581 τῷ
1501 2503 1618 2579 ἔαρι
1643 2526 1848 2578 πτερω-

249 2591 376 2655 τούς
414 2589 547 2666 ὄφις
578 2595 639 2650 ἐκ
669 2593 772 2666 τῆς
800 2586 1077 2665 Ἀραβίης
1117 2589 1392 2651 πέτεσθαι
1430 2587 1515 2650 ἐπ’
1541 2589 1848 2671 Αἰγύπτου·

251 2677 349 2742 τοὶς
380 2678 440 2737 δὲ
469 2678 590 2753 ἶβις
621 2676 722 2741 τοὶς
752 2675 976 2755 ὄρνιθας
1006 2676 1345 2743 ἀπαντώσας
1372 2683 1426 2743 ἐς
1456 2677 1560 2755 τήν
1586 2677 1848 2755 ἐσβολήν

249 2764 452 2842 ταύτης
475 2768 576 2842 τῆς
600 2765 786 2844 χώρης
811 2765 878 2826 οὐ
902 2766 1162 2845 παριέναι
1186 2766 1316 2831 τούς
1340 2766 1487 2845 ὄφις,
1509 2766 1664 2826 ἀλλὰ
1685 2792 1847 2827 κατα-

252 2855 497 2918 κτείνειν·
540 2854 632 2912 καὶ
656 2852 760 2928 τὴν
785 2855 907 2929 ἶβιν
924 2854 1015 2914 διὰ
1039 2858 1207 2914 τοῦτο
1232 2854 1300 2914 τὰ
1329 2855 1489 2935 ἔργον
1511 2854 1851 2931 τετιμῆσθαι

252 2941 488 3022 λέγουσι
514 2939 780 3017 Ἀράβιοι
809 2940 1068 3022 μεγάλως
1099 2942 1240 3018 πρὸς
1266 2942 1600 3022 Αἰγυπτίων·
1643 2940 1850 3016 ὁμολο-

251 3029 445 3108 γέουσι
471 3029 533 3088 δὲ
559 3029 654 3086 καὶ
675 3027 972 3108 Αἰγύπτιοι
999 3028 1090 3088 διοὶ
1115 3032 1291 3089 ταῦτα
1314 3031 1482 3104 τιμόν
1500 3027 1601 3091 τοὶς
1629 3025 1853 3104 ὄρνιθας

250 3116 470 3181 ταύτας.
526 3115 697 3180 Εἶδος
723 3115 783 3175 δὲ
806 3119 908 3192 τῆς
931 3117 1036 3191 μὲν
1053 3117 1206 3192 ἴβιος
1229 3114 1374 3174 τόδε·
1405 3114 1646 3189 μέλαινα
1668 3114 1851 3178 δεινῶς
1868 3115 1945 3179 76

250 3210 427 3278 πᾶσα,
454 3204 668 3266 σκέλεα
699 3204 759 3264 δὲ
786 3205 980 3282 φορέει
1003 3202 1257 3284 γεράνου,
1283 3200 1588 3279 πρόσωπον
1615 3202 1676 3262 δὲ
1701 3207 1757 3267 ἐς
1779 3202 1852 3263 τὰ

251 3293 507 3361 μάλιστα
532 3293 855 3371 ἐπίγρυπον·
895 3290 1144 3371 μέγαθος
1167 3288 1309 3350 ὅσον
1333 3287 1483 3367 κρέξ·
1517 3293 1631 3351 τῶν
1651 3292 1758 3369 μὲν
1781 3289 1852 3366 δὴ
