2184 3517
14 1782 35 1793 v...

227 121 486 187 97—100]
934 124 1162 176 mm.
1774 128 1835 176 51

225 199 425 262 ἄλλων
448 198 642 276 ἧσσον
666 202 1054 279 ἐπιμέλεσθαι·
1094 203 1433 282 πειθομένων
1458 203 1518 265 δὲ
1544 206 1637 267 καὶ
1659 208 1837 265 ταῦτα

224 292 341 349 τῶν
357 288 588 364 Μήδων,
610 289 918 368 οἰκοδομέει
936 291 1127 370 τείχεα
1143 290 1370 369 μεγάλα
1387 317 1451 352 τε
1472 291 1564 351 καὶ
1586 291 1840 370 καρτεροὶ,

223 380 410 437 ταῦτα
420 375 495 435 τοὶ
511 380 610 438 νῦν
626 376 959 457 Ἀγβάτανα
974 380 1256 455 κέκληται,
1275 379 1462 458 ἕτερον
1480 380 1644 460 ἑτέρῳ
1659 379 1843 460 κύκλῳ

227 468 559 525 ἐνεστεῶτα.
641 464 1033 544 μεμηχάνηται
1069 466 1130 525 δὲ
1167 465 1311 527 οὕτω
1340 471 1507 528 τοῦτο
1542 467 1612 528 τὸ
1640 470 1844 546 τεῖχος,

227 552 383 613 ὥστε
408 551 443 612 ὁ
476 554 662 630 ἔτερος
685 556 788 613 τοῦ
826 554 1014 631 ἐτέρου
1050 552 1256 618 κύκλος
1288 558 1443 615 τοῖσι
1476 560 1845 634 προμαχεῶσι

225 639 503 718 μούνοισί
539 645 666 701 ἐστι
704 639 1073 719 ὑψηλότερος.
1154 641 1222 702 τὰ
1264 643 1371 719 μέν
1413 668 1512 703 κου
1552 668 1610 704 τι
1653 644 1745 702 καὶ
1776 642 1844 705 τό

226 729 441 808 χωρίον
474 729 793 806 συμμαχέει
836 727 1082 792 κολωνός
1114 728 1206 789 ἐόν
1237 729 1384 792 ὥστε
1423 735 1646 792 τοιοῦτο
1690 730 1844 803 εἶναι,

228 813 303 876 τὰ
332 816 391 875 δὲ
417 817 510 875 καὶ
535 814 765 893 μᾶλλόν
789 840 848 891 τι
873 815 1229 894 ἐπετηδεύθη,
1257 817 1471 879 κύκλων
1506 817 1704 880 ἐόντων
1734 824 1846 880 τῶν

231 903 604 965 συναπάνπυν
636 902 796 963 ἑπτά·
837 907 898 964 ἐν
929 902 991 963 δὲ
1022 907 1102 981 τῷ
1130 905 1427 986 τελευταίῳ
1458 905 1533 966 ταῖ
1557 906 1845 983 βασιλήῖα

233 991 424 1052 ἔνεστι
449 992 542 1051 καὶ
569 993 625 1051 οἱ
650 989 946 1068 θησαυροί.
1025 991 1096 1052 τὸ
1123 991 1183 1051 δὲ
1214 991 1394 1053 αὐτῶν
1425 993 1696 1075 μέγιστόν
1721 1000 1845 1057 ἐστι

230 1082 426 1159 τεῖχος
468 1077 610 1140 κατὰ
650 1078 752 1140 τᾶν
790 1077 1069 1155 Ἀθηνέων
1114 1077 1323 1141 κύκλον
1367 1080 1624 1157 μάλιστά
1663 1108 1735 1159 κη
1775 1081 1844 1143 τὸ

230 1167 504 1248 μέγαθος.
560 1169 662 1228 τοῦ
685 1169 790 1244 μὲν
810 1166 879 1244 δὴ
903 1166 1128 1244 πρώτου
1148 1165 1357 1227 κύκλου
1377 1171 1432 1227 οἱ
1455 1170 1846 1249 προμαχεῶνές

233 1259 356 1315 εἰσι
369 1256 576 1315 λευκοί·
602 1258 704 1316 τοῦ
720 1255 780 1315 δὲ
795 1255 1050 1332 δευτέρου
1067 1254 1325 1332 μέλανες·
1350 1255 1541 1332 τρίτου
1560 1256 1621 1316 δὲ
1635 1255 1843 1317 κύκλου

234 1344 534 1420 φοινίκεοι·
580 1341 848 1419 τετάρτου
883 1342 945 1402 δὲ
975 1342 1212 1403 κυάνεοι·
1257 1344 1516 1421 πέμπτου
1548 1344 1609 1403 δὲ
1639 1345 1844 1405 σανδα-

233 1429 473 1507 ράκινοι.
514 1468 533 1479 =
556 1429 699 1490 οὕτω
728 1429 950 1490 πάντων
981 1433 1096 1492 τῶν
1126 1428 1342 1491 κύκλων
1368 1432 1422 1490 οἱ
1452 1436 1845 1512 προμαχεῶνες

234 1517 568 1595 ἠνθισμένοι
610 1517 721 1577 εἰσὶ
765 1517 1138 1596 φαρμάκοισι·
1195 1517 1295 1578 δύο
1337 1518 1398 1578 δὲ
1440 1521 1495 1578 οἶ
1535 1523 1845 1581 τελευταῖοι

239 1606 354 1665 εἰσὶ
379 1605 414 1666 ὁ
437 1608 542 1683 μὲν
568 1606 1091 1686 καταργυρωμένους
1118 1604 1152 1666 ὅ
1177 1605 1239 1666 δὲ
1257 1609 1846 1689 κατακεχρυσωμένους

194 1693 536 1788 ..ἔχων-τούς
559 1697 981 1773 προμαχεῶνας.

1871 611 2028 651 A&

322 1785 513 1842 Ταῦτα
536 1783 641 1860 μὲν
668 1781 737 1859 δὴ
764 1781 797 1842 ὅ
826 1782 1072 1860 Δηῖόκης
1092 1786 1270 1864 ἑωυτῷ
1292 1810 1356 1846 τε
1382 1784 1587 1866 ἐτείχεε
1607 1784 1699 1845 καὶ
1715 1783 1844 1863 περὶ
1861 1786 1937 1846 99

235 1869 314 1931 τοὶ
339 1873 542 1932 ἑωυτοῦ
568 1870 734 1931 οἰκία·
773 1869 875 1932 τόν
911 1871 970 1931 δὲ
1008 1871 1191 1934 ἄλλον
1226 1873 1406 1950 δῆμον
1434 1873 1599 1952 πέριξ
1627 1873 1845 1935 ἐκέλευε

235 1957 309 2020 τὸ
327 1961 514 2038 τεῖχος
533 1959 745 2019 οἰκέειν.
804 1958 1274 2037 οἰκοδομηθέντων
1293 1961 1354 2021 δὲ
1371 1960 1607 2032 πάντων,
1626 1960 1844 2039 κόσμον

237 2044 401 2106 τόνδε
429 2045 675 2123 Δηῖόκης
700 2045 918 2124 πρῶτός
943 2051 1069 2109 ἐστι
1094 2047 1128 2107 ὁ
1155 2048 1667 2128 καταστησάμενος·
1701 2048 1846 2126 μήτε

240 2134 453 2195 ἐσιέναι
482 2133 638 2211 παρὰ
667 2135 924 2211 βασιλέα
945 2135 1158 2212 μηδένα
1188 2135 1257 2196 δι’
1285 2137 1541 2219 ἀγγέλων
1567 2138 1627 2197 δὲ
1661 2136 1843 2197 πάντα

236 2222 530 2302 χρέεσθαι,
556 2222 806 2300 ὁρᾶσθαί
823 2248 889 2283 τε
910 2224 1167 2301 βασιλέα
1189 2223 1302 2285 ύπὸ
1325 2224 1577 2302 μηδενός·
1617 2225 1758 2302 πρός
1781 2249 1846 2285 τε

238 2308 498 2371 τούτοισι
534 2312 633 2382 ἔτι,
658 2313 837 2392 γελᾶν
871 2337 936 2373 τε
976 2312 1070 2371 καὶ
1098 2311 1290 2372 πτύειν
1320 2311 1507 2372 ἀντίον
1538 2313 1631 2371 καὶ
1664 2310 1848 2371 ἅπασι

241 2397 387 2459 εἶναι
407 2398 578 2461 τοῦτό
598 2424 668 2480 γε
694 2398 951 2478 αἰσχρόν.
1013 2403 1194 2459 ταῦτα
1218 2399 1279 2459 δὲ
1302 2400 1431 2476 περὶ
1457 2398 1656 2459 ἑωυτόν
1681 2399 1846 2475 ἐσέμ-

238 2510 371 2547 νυνε
403 2486 576 2547 τῶνδε
613 2487 831 2556 εἵνεκεν,
859 2487 998 2550 ὅκως
1023 2482 1094 2547 ἂν
1118 2486 1200 2564 μή
1227 2486 1459 2565 ὁρῶντες
1484 2488 1537 2545 οἱ
1563 2484 1844 2562 ὁμήλικες,

240 2573 427 2639 ἐόντες
450 2573 769 2653 σύντροφοί
797 2599 861 2636 τε
888 2576 1071 2654 ἐκείνῳ
1105 2575 1198 2633 καὶ
1230 2574 1404 2651 οἰκίης
1435 2572 1500 2634 οὗ
1538 2574 1845 2652 φλαυροτέ-

235 2686 360 2740 ρης,
389 2661 516 2723 οὖδὲ
550 2666 607 2727 ἐς
638 2661 1013 2744 ἀνδραγαθίην
1046 2661 1386 2740 λειπόμενοι,
1418 2662 1721 2723 λυπεοίατο
1753 2662 1847 2722 καὶ

239 2749 684 2826 ἐπιβουλεύοιεν,
733 2749 865 2810 ἀλλ’
913 2749 1153 2828 ἑτεροῖός
1199 2757 1314 2827 σφι
1362 2751 1543 2812 δοκέοι
1584 2751 1721 2811 εἶναι
1764 2751 1846 2828 μὴ

237 2836 440 2914 ὅρῶσι.
501 2836 666 2898 Ἐπεί
685 2863 749 2899 τε
775 2838 835 2897 δὲ
858 2841 1036 2899 ταῦτα
1061 2837 1403 2915 διεκόσμησε
1429 2839 1521 2898 καὶ
1548 2837 1806 2917 ἐκράτυνε
1826 2839 1943 2897 100

240 2923 445 2986 ἑωυτόν
469 2928 543 3004 τῇ
568 2927 860 3002 τυραννίδι,
886 2925 959 3002 ἦν
989 2926 1056 2986 τὰ
1091 2926 1301 2986 δίκαιον
1335 2924 1651 3002 φυλάσσων
1679 2928 1849 3003 χαλε-

236 3013 367 3078 πός·
409 3013 504 3072 καὶ
541 3012 642 3077 τάς
678 3039 743 3073 τε
781 3014 936 3078 δίκας
966 3013 1284 3096 γράφοντες
1316 3014 1449 3073 εἴσω
1481 3011 1610 3089 παρ’
1644 3014 1848 3072 ἐκεῖνον

238 3101 687 3179 ἐσεπέμπεσκον,
706 3100 799 3161 καὶ
825 3103 1027 3164 ἐκεῖνος
1046 3101 1333 3178 διακρίνων
1350 3098 1451 3163 ταῖς
1470 3098 1850 3175 ἐσφερομένας

236 3190 618 3267 ἐκπέμπεσκε.
698 3192 875 3249 ταῦτα
905 3189 1009 3266 μὲν
1040 3186 1183 3246 κατὰ
1211 3185 1313 3249 τοὶς
1353 3186 1507 3250 δίκας
1538 3184 1735 3245 ἐποίεε·
1774 3184 1847 3246 τοὶ

234 3276 303 3338 δὲ
327 3276 400 3353 δὴ
425 3275 582 3337 ἄλλα
609 3273 984 3353 ἐκεκοσμέατό
1011 3276 1085 3334 οἱ·
1114 3273 1167 3333 εἴ
1188 3297 1312 3334 τινα
1335 3272 1669 3335 πυνθάνοιτο
1687 3271 1849 3348 ύβρί-
