2184 3517
349 92 446 141 318
965 93 1336 144 mmmmm*
1470 82 1475 85 ’
1823 91 1942 156 [lv

353 170 512 234 εἶναι·
549 172 935 249 αἰτιησάμενοι
966 172 1028 233 δὲ
1063 177 1278 243 τοῦτον,
1304 171 1488 233 ἄλλον
1519 169 1962 248 ἀποπέμπουσι·

354 259 707 321 ἐντέλλονται
731 259 791 319 δὲ
817 261 897 320 ἔτι
921 259 1104 331 ζῶντι.
1161 257 1315 319 οὗτοι
1340 262 1395 318 οἶ
1420 257 1578 318 αὐτοὶ
1592 261 1832 336 Θρήϊκες
1857 284 1965 320 και

350 345 492 423 πρός
514 345 763 423 βροντήν
785 372 849 407 τε
874 346 967 405 καὶ
1002 345 1301 427 ἀστραπὴν
1325 345 1640 414 τοξεύοντες
1671 345 1784 405 ἄνω
1809 347 1965 424 πρὸς

352 434 452 494 τᾶν
482 431 731 511 οὖρανόν,
771 431 1068 494 άπειλεῦσι
1105 437 1184 512 τῷ
1225 434 1346 512 θεῷ,
1375 432 1573 493 οὐδένα
1604 431 1789 493 ἄλλον
1820 434 1964 494 θεᾶν

260 525 335 581 95
353 520 663 597 νομίζοντες
701 519 842 581 εἶναι
881 524 931 581 εἶ
967 520 1049 598 μὴ
1086 521 1189 581 τᾶν
1227 520 1524 598 σφέτερον.
1604 519 1705 585 Ὡς
1737 521 1801 580 δὲ
1841 521 1963 601 ε’γῶ

351 606 699 684 πυνθάνομαι
736 612 847 668 τῶν
882 606 985 668 τᾶν
1015 605 1451 684 Ἑλλήσποντον
1490 607 1779 669 οἰκεόντων
1815 606 1958 667 Ἑλ-

351 694 534 770 λήνων
583 694 677 754 καὶ
735 695 975 766 Πόντον,
1026 694 1130 756 τὸν
1194 693 1479 771 Ζάλμοξιν
1528 698 1729 755 τοῦτον
1781 694 1959 756 ε’όντα

350 781 640 858 ἄνθρωπον
663 781 965 843 δουλεῦσαι
999 786 1059 843 ἐν
1096 780 1288 862 Σάμῳ·
1328 781 1632 842 δουλεῦσαι
1657 782 1718 841 δὲ
1751 783 1956 844 Πυθα-

349 868 494 951 γόρῃ
517 872 597 949 τῷ
628 868 1004 950 Μνησάρχου·
1045 871 1297 935 ἐνθεῦτεν
1335 868 1396 929 δὲ
1425 868 1612 939 αὐτὸν,
1643 869 1957 951 γενόμενον

353 958 661 1034 ἐλεύθερον,
695 957 962 1038 χρήματα
1000 957 1324 1034 κτήσασθαι
1361 957 1565 1036 συχνοὶ,
1593 959 1955 1035 κτησάμενον

353 1043 414 1104 δὲ
448 1043 714 1107 ἀπελθεῖν
754 1050 811 1109 ἐς
848 1044 954 1121 τήν
995 1048 1217 1106 ἑωυτοῦ·
1283 1043 1385 1106 ἅτε
1434 1044 1497 1104 δὲ
1548 1045 1833 1122 κακοβίων
1883 1071 1954 1106 τε

355 1131 552 1193 ἐόντων
616 1135 728 1193 ‘nrm
790 1132 1041 1209 Θρηίκων
1098 1133 1192 1193 καὶ
1256 1131 1776 1210 ὖπαφρονεστέρων,
1842 1135 1955 1195 τᾶν

353 1219 639 1298 Ζάλμοξιν
675 1222 875 1281 τοῦτον
904 1221 1277 1297 ἐπιστάμενον
1316 1219 1531 1280 δίαιτάν
1567 1245 1631 1280 τε
1653 1218 1813 1279 Ἰάδα
1851 1223 1955 1281 καὶ

349 1305 493 1382 ἤθεα
543 1306 833 1385 βαθύτερα
869 1304 909 1382 ἢ
949 1307 1092 1367 κατὰ
1143 1305 1405 1384 Θρήϊκας,
1446 1306 1540 1367 οἷα
1580 1306 1845 1383 Ἕλλησί
1882 1316 1954 1369 τε

351 1392 708 1470 ὁμιλήσαντα
774 1395 867 1454 καὶ
929 1391 1221 1470 Ἑλλήνων
1286 1392 1352 1454 οὗ
1412 1398 1492 1472 τῷ
1555 1391 1952 1476 ἀσθενεστάτῳ

355 1484 613 1560 σοφιστῇ
639 1480 964 1563 Πυθαγόρῃ,
998 1481 1532 1542 κατασκευάσασθαι
1565 1480 1857 1558 ἀνδρεῶνα,
1889 1489 1951 1547 ἐς

347 1566 448 1627 τόν
497 1568 908 1628 πανδοκεύοντα
954 1572 1068 1628 τῶν
1124 1567 1314 1629 α’στῶν
1360 1567 1491 1632 τούς
1546 1572 1798 1645 πρῶτους
1847 1572 1949 1630 καὶ

349 1653 669 1734 εὖωχέοντα,
727 1653 1115 1716 ἀναδιδάσκειν
1180 1654 1252 1719 ὥς
1314 1655 1442 1716 οὔτε
1491 1654 1658 1719 αύτὸς
1707 1655 1836 1716 οὔτε
1888 1661 1948 1718 οἶ
2018 1678 2025 1686 ·

350 1741 635 1819 συμπόται
685 1740 858 1803 αὐτοῦ
898 1741 1027 1803 οὔτε
1066 1746 1123 1803 οἱ
1162 1747 1224 1803 ἐκ
1259 1743 1470 1804 τούτων
1516 1744 1623 1804 αἰεὶ
1659 1744 1946 1824 γινόμενοι

345 1828 765 1899 ἀποθανέονται,
791 1827 925 1889 ἀλλ’
960 1829 1162 1906 ἥξουσι
1199 1835 1254 1895 ἔς
1282 1836 1466 1909 χῶρον
1489 1834 1690 1891 τοῦτον
1717 1832 1808 1890 ἵνα
1830 1834 1945 1892 αἰεὶ

345 1915 654 1993 περιεόντες
694 1917 884 1986 ἕξουσι
920 1917 994 1978 τοὶ
1029 1918 1218 1978 πάντα
1257 1917 1460 1999 ἀγαθά·
1503 1922 1562 1978 ἐν
1588 1915 1632 1996 ᾧ
1665 1917 1725 1977 δὲ
1755 1921 1942 1981 ἐποίεε

348 2003 423 2064 τσῖ
461 2004 875 2084 καταλεχθέντα
914 2006 1007 2065 καὶ
1047 2007 1208 2087 ἔλεγε
1247 2009 1442 2075 ταῦτα,
1475 2010 1535 2066 ἐν
1563 2005 1740 2084 τούτῳ
1773 2007 1939 2066 κατά-

344 2116 507 2173 γαιον
535 2092 742 2169 οἴκημα
776 2093 1041 2154 ἐποιέετο·
1084 2119 1157 2157 ως
1196 2094 1261 2154 δέ
1297 2119 1351 2153 οι
1390 2094 1703 2157 παντελέως
1728 2092 1845 2173 εἶχε
1866 2096 1940 2155 το

347 2181 569 2258 οἴκημα,
603 2184 664 2240 ἐκ
698 2205 803 2256 μεν
835 2184 947 2266 τῶν
982 2180 1235 2256 Θρηικων
1259 2180 1570 2257 ἠφανίσθη,
1599 2182 1853 2257 καταβὰς
1877 2183 1941 2242 δὲ

348 2267 494 2328 κάτω
521 2271 577 2332 ἐς
600 2293 666 2329 το
695 2267 994 2349 κατάγαιον
1021 2268 1227 2343 οἴκημα
1257 2268 1558 2329 &mv-&0²
1531 2267 1616 2328 επ’
1643 2269 1767 2327 ἔτεα
1790 2271 1938 2345 τρία·

350 2357 406 2415 οἶ
445 2355 510 2415 δέ
551 2380 649 2431 μιν
691 2354 926 2416 ἐπόθεόν
963 2381 1028 2416 τε
1080 2356 1173 2414 καὶ
1220 2355 1479 2415 επένθεον
1530 2380 1604 2420 ως
1647 2355 1938 2416 τεθνεωτα·

343 2441 585 2521 τετάρτῳ
636 2442 697 2503 δὲ
754 2443 862 2503 ἔτεϊ
918 2442 1100 2519 ε’φάνη
1159 2446 1313 2503 τοῖσι
1370 2441 1588 2519 Θρήΐξι·
1656 2440 1748 2501 καὶ
1798 2443 1939 2505 οὕτω

347 2528 558 2589 πιθανά
596 2535 710 2605 σφι
748 2532 965 2611 ἐγένετο
1002 2530 1076 2589 τοῖ
1117 2529 1275 2610 ἔλεγε
1306 2528 1338 2589 ὁ
1383 2528 1682 2605 Ζάλμοξις.
1763 2531 1939 2592 ταῦτά

256 2615 330 2673 96
348 2616 502 2689 φασί
520 2640 618 2691 μιν
642 2621 898 2691 ποιῆσαι·
936 2615 1087 2697 Ἐγὼ
1113 2617 1172 2675 δὲ
1197 2617 1324 2694 περὶ
1361 2618 1466 2692 μὲν
1495 2615 1696 2676 τούτου
1723 2617 1816 2675 καὶ
1837 2622 1936 2678 τοῦ
1968 2678 1973 2681 .

349 2702 650 2781 καταγαίου
675 2702 974 2779 οἰκήματος
1000 2703 1128 2765 οὔτε
1155 2702 1405 2764 ἀπιστέω
1434 2702 1562 2764 οὔτε
1595 2702 1669 2763 ὧν
1693 2702 1936 2764 πιστεύω

344 2810 403 2846 τι
446 2787 595 2863 λίην·
662 2787 831 2847 δοκέω
884 2789 944 2849 δὲ
988 2795 1268 2851 πολλοῖσι
1320 2791 1471 2851 ἔτεσι
1513 2789 1787 2867 πρότερον
1836 2790 1937 2852 τᾶν

346 2872 629 2948 Ζάλμοξιν
690 2878 890 2935 τοῦτον
951 2878 1217 2956 γενέσθαι
1269 2876 1633 2958 Πυθαγόρεω.
1716 2878 1823 2937 εἴτε
1873 2879 1935 2938 δὲ

349 2957 565 3035 εγένετό
587 2982 672 3020 τις
698 2960 977 3034 Ζάλμοξις
1012 2961 1318 3039 ἄνθρωπος,
1346 2963 1442 3023 εἴτ’
1469 2964 1595 3022 ἐστὶ
1621 2963 1830 3040 δαίμων
1850 2990 1933 3029 τις

345 3042 553 3117 Γέτῃσι
605 3068 765 3106 ουτος
818 3044 992 3123 ε’πιχιί
983 3071 1127 3121 ριος,
1180 3051 1440 3126 χαιρέτω.
1521 3046 1678 3109 οὗτοι
1724 3053 1827 3125 μὲν
1864 3050 1931 3126 δὴ

340 3123 530 3201 τρόπω
594 3128 823 3206 τοιούτω
887 3154 1209 3206 χρεωμενοι,
1262 3134 1335 3197 ὥς
1387 3135 1766 3214 ἐχειρώθησαν
1825 3161 1931 3196 υπο

342 3209 625 3283 Περσέων,
654 3213 878 3272 εἵποντο
900 3218 979 3291 τῷ
1002 3215 1163 3274 ἄλλω
1188 3224 1432 3299 στρατῷ.
