2184 3517
226 95 513 159 125-127]
919 95 1147 146 mmm.
1756 98 1821 146 σε

219 173 390 245 Δαοι,
417 173 657 253 Μάρδοι,
686 176 978 254 Δροπικοι,
1005 173 1354 257 Σαγάρτιοι.)
1428 174 1529 239 Ως
1558 177 1619 236 δὶ
1641 200 1781 253 παρ-
1800 175 1916 237 126

217 266 376 336 ἦσαν
415 261 651 326 ἅπαντες
691 265 910 343 ἔχοντες
948 288 1015 323 το
1054 261 1472 340 προειρημένον,
1514 264 1750 324 ἐνθαῦτα
1789 263 1822 323 ὅ

220 355 430 426 Κῦρος,
466 349 538 426 ἦν
566 350 676 431 γάρ
709 376 795 414 τις
830 355 1012 430 χῶρος
1040 354 1141 425 τῆς
1178 355 1466 427 Περσικῆς
1504 349 1823 427 ἀκανθώδης

217 435 364 497 ὅσον
399 464 461 497 τε
500 439 591 497 ἐπὶ
624 437 992 498 ὀκτωκαίδεκα
1026 436 1357 500 σταδίους
1322 464 1360 514 η
1402 438 1581 497 εἴκοσι
1617 437 1817 515 πάντη,

215 524 422 585 τοῦτόν
445 531 559 601 σφι
580 525 679 587 τόν
700 529 886 604 χῶρον
908 529 1144 603 προεῖπε
1168 525 1567 604 ἐξημερωσαι’
1540 552 1599 587 εν
1621 525 1823 606 ἡμέρῃ·

215 612 664 673 ἐπιτελεσάντων
715 614 776 673 δὲ
823 617 933 674 τῶν
983 614 1253 690 Περσέων
1307 612 1405 674 τόν
1460 615 1824 691 προκείμενον

213 698 446 772 ἄεθλον,
473 699 700 778 δεύτερά
730 707 843 777 σφι
872 704 1109 778 προεῖπε
1139 705 1195 764 ἐς
1225 699 1330 776 τὴν
1359 700 1658 778 ὖστεραίην
1681 727 1822 780 παρ-

215 790 362 847 εῖναι
387 789 776 864 λελουμένους·
804 794 863 849 ἐν
886 789 947 849 δὲ
964 787 1142 866 τούτῳ
1164 787 1238 848 τά
1259 813 1324 847 τε
1347 787 1580 848 αἰπόλια
1604 790 1698 849 καὶ
1722 790 1824 854 τὰς

211 875 462 952 ποίμνας
487 878 579 935 καὶ
601 875 675 936 τιὶ
703 875 984 953 βουκόλια
1008 875 1041 935 o‘
1066 879 1255 953 Κῦρος
1278 874 1461 935 πάντα
1490 881 1591 936 τοῦ
1615 876 1826 954 πατρὸς

213 965 538 1027 συναλίσας
569 969 625 1027 ἐς
652 963 846 1035 τῶυτό,
879 965 1001 1024 ἔθυε
1033 964 1128 1022 καὶ
1158 962 1539 1041 παρεσκεύαζε
1571 963 1643 1027 ὥς
1676 963 1826 1035 δεξό-

209 1072 388 1124 μενος
422 1055 532 1110 τῶν
572 1051 840 1127 Περσέων
876 1049 975 1110 τᾶν
1013 1048 1277 1127 στρατόν,
1310 1049 1452 1127 πρὸς
1489 1050 1565 1121 δὲ,
1601 1050 1729 1130 οἴνῳ
1760 1076 1827 1113 τε

212 1137 314 1195 καὶ
348 1139 584 1198 σιτίοισι
616 1137 688 1201 ὥς
719 1136 1224 1214 ἐπιτηδειιπάτοισι.
1258 1137 1625 1216 ἀπικομένους
1662 1138 1723 1197 δὲ
1751 1143 1826 1218 τῇ

210 1223 488 1305 ὑστεραίῃ
504 1225 634 1289 τοῦς
659 1227 893 1303 Πέρσας
911 1225 1246 1288 κατακλίνας
1264 1230 1319 1288 ἐς
1337 1229 1583 1303 λειμῶνα
1603 1224 1822 1305 εὐώχεε.

214 1313 347 1372 ἐπεί
373 1339 436 1372 τε
466 1313 526 1372 δὲ
555 1312 668 1374 ‹in-6
701 1314 922 1374 δείπνου
951 1312 1118 1389 ἦσαν,
1147 1313 1324 1391 εἴρετό
1356 1319 1541 1389 σφεας
1573 1313 1606 1374 ὅ
1635 1319 1824 1392 Κῦρος

214 1398 424 1477 κότερα
460 1399 533 1461 τὰ
568 1405 642 1480 τῇ
678 1402 981 1480 προτεραίῃ
1023 1400 1177 1479 εἶχον
1214 1399 1253 1477 ἦ
1292 1400 1364 1460 τὰ
1399 1401 1679 1479 παρεόντα
1712 1409 1826 1479 σφι

215 1489 307 1564 εἴη
348 1489 717 1567 αῖρετῶτερα3
759 1492 815 1549 οἱ
850 1490 911 1549 δὲ
947 1490 1171 1565 ἔφασαν
1204 1488 1430 1550 πολλὰν
1467 1489 1606 1549 εἶναι
1644 1489 1826 1552 αὐτῶν

214 1575 286 1636 τὸ
320 1577 521 1653 μέσον·
561 1578 665 1653 τήν
688 1579 793 1654 μὲν
815 1576 928 1659 γὰρ
962 1577 1239 1655 προτέρην
1263 1576 1478 1655 ἡμέρην
1502 1576 1686 1638 πάντα
1711 1585 1825 1655 σφι

218 1664 368 1723 κακὰ
402 1665 563 1745 ἔχειν,
602 1664 706 1741 τὴν
748 1665 809 1724 δὲ
853 1663 983 1725 τότε
1027 1667 1354 1742 παρεοῦσαν
1391 1663 1575 1725 πάντα
1616 1664 1822 1746 α’γαθά·

216 1752 576 1830 παραλαβὼν
611 1753 671 1811 δὲ
707 1756 875 1813 τοῦτο
913 1751 981 1813 τὸ
1023 1752 1155 1816 ἔπος
1186 1751 1220 1812 o‘
1258 1755 1447 1829 Κῦρος
1470 1752 1826 1835 παρεγύμνου

217 1838 321 1899 τᾶν
344 1839 530 1901 πάντα
554 1839 746 1921 λόγον,
772 1840 972 1921 λέγων·
1014 1849 1050 1875 “
1068 1837 1260 1916 ἄνδρες
1281 1840 1522 1918 Πέρσαι,
1539 1840 1681 1901 οὕτω
1696 1840 1828 1918 ὖμῖν

221 1928 359 2006 ἔχει·
399 1929 808 2005 βουλομένοισι
833 1931 937 2006 μὲν
964 1927 1096 2005 ἐμέο
1121 1928 1416 1989 πείθεσθαι
1452 1929 1575 1990 ἔστι
1598 1928 1731 1989 τάδε
1762 1955 1827 1990 τε

223 2015 318 2073 καὶ
358 2013 512 2075 ἄλλα
550 2017 721 2094 μυρία
760 2014 965 2096 ἀγαθοὶ,
998 2013 1196 2076 οὗδένα
1233 2014 1409 2077 πόνον
1440 2016 1828 2094 δουλοπρεπέα

223 2104 439 2181 ἔχουσι·
465 2102 545 2180 μή
563 2104 973 2181 βουλομένοισι
999 2103 1060 2162 δὲ
1086 2104 1216 2180 ἐμέο
1241 2104 1539 2165 πείθεσθαι
1568 2105 1677 2164 εἶσὶ
1694 2105 1828 2182 ὑμῖν

222 2191 388 2251 πόνοι
423 2197 502 2271 τῷ
537 2193 712 2270 χθιζῷ
750 2190 1148 2269 παραπλήσιοι
1190 2191 1579 2269 ἀναρίθμητοι·
1618 2196 1717 2253 νῦν
1752 2191 1829 2253 ὧν

226 2278 359 2355 ἐμέο
397 2279 721 2356 πειθόμενοι
759 2280 989 2361 γίνεσθε
1040 2278 1343 2358 ἐλεύθεροι·
1396 2278 1562 2342 αὐτός
1604 2304 1668 2339 τε
1715 2280 1828 2362 γὰρ

226 2366 397 2434 δοκέω
422 2367 544 2445 θείῃ
566 2365 712 2446 τύχῃ
734 2365 977 2448 γεγονὼς
999 2366 1133 2427 τάδε
1159 2372 1215 2430 ἐς
1237 2370 1437 2445 χεῖρας
1453 2365 1710 2448 ἄγεσθαι,
1738 2368 1831 2428 καὶ

225 2453 399 2564 ὖμέας
435 2454 651 2536 ἥγημαι
689 2452 892 2532 ἄνδρας
915 2453 1128 2530 Μήδων
1153 2454 1294 2515 εἶναι
1329 2454 1394 2515 οὗ
1430 2455 1828 2533 φαυλοτέρους,

228 2567 356 2601 ουτε
384 2541 458 2602 τοὶ
489 2541 645 2602 ἄλλα
672 2540 798 2601 οὔτε
826 2541 900 2602 τσῖ
932 2543 1201 2619 πολέμια·
1246 2541 1317 2606 ὥς
1344 2540 1418 2603 ὧν
1444 2541 1681 2621 ἐχόντων
1706 2541 1827 2616 ὦδε,

228 2626 552 2692 ἀπίστασθε
577 2629 671 2689 ἀπ’
696 2628 1040 2711 Ἀστυάγεος
1063 2630 1169 2706 τὴν
1193 2630 1524 2709 ταχίστην.”

309 2719 535 2795 Πέρσαι
557 2718 664 2796 μέν
686 2743 784 2779 νυν
806 2716 1136 2796 προστάτεω
1163 2718 1586 2796 ἐπιλαβόμενοι,
1612 2719 1789 2798 ἅσμε-
1808 2720 1921 2780 127

229 2830 315 2865 νοι
354 2807 762 2884 ἐλευθεροῦντο,
797 2807 890 2864 καὶ
925 2804 1107 2866 πάλαι
1148 2805 1325 2867 δεινόν
1364 2807 1684 2885 ποιεύμενοι
1718 2806 1829 2868 ὖπό

230 2892 439 2968 Μήδων
469 2892 764 2972 ἄρχεσθαι·
803 2892 1125 2975 Ἀστυάγης
1163 2893 1226 2954 δὲ
1267 2893 1339 2956 ὥς
1378 2893 1613 2956 ἐπύθετο
1639 2900 1832 2974 Κῦρον

230 2979 565 3057 πρήσσοντα
593 2985 786 3051 ταῦτα,
811 2981 1038 3059 πέμψας
1064 2979 1312 3061 ἄγγελον
1339 2980 1534 3040 ἐκάλεε
1570 2981 1755 3044 αὐτόν·
1796 2982 1831 3043 ὅ

233 3068 292 3129 δὲ
316 3073 503 3147 Κῦρος
528 3069 748 3128 ἐκέλευε
771 3068 870 3129 τόν
896 3067 1144 3149 ἄγγελον
1168 3067 1566 3149 ἀπαγγέλλειν,
1585 3067 1674 3128 ὅτι
1696 3069 1832 3147 πρό-

224 3157 392 3234 ’τερον
413 3156 540 3233 ἥξοι
563 3154 696 3233 παρ’,
724 3160 929 3216 ἐκεῖνον
952 3154 990 3231 ἢ
1017 3154 1182 3218 αὖτός
1206 3154 1525 3235 Ἀστυάγης
1538 3155 1829 3231 βούλεται·

232 3243 478 3308 οἰκούσας
516 3244 577 3305 δὲ
613 3247 790 3313 ταῦτα
829 3241 861 3303 ὁ
900 3241 1220 3323 Ἀστυάγης
1258 3240 1490 3317 Μήδους
1513 3267 1577 3301 τε
1613 3242 1832 3303 ὥπλισε
