2184 3517
181 121 467 187 157—160J
677 161 680 164 .
866 122 1137 175 eAAmA.
1686 124 1784 178 277

176 204 606 281 Βαβυλωνίοισι
658 202 921 280 Ζώπυρος
975 204 1068 263 καὶ
1115 204 1475 285 στρατάρχης
1517 230 1583 266 τε
1628 203 1791 269 οὗτός

177 299 291 369 σφι
334 293 427 352 καὶ
455 290 810 371 τειχοφύλαξ
848 290 1199 352 ἀπεδέδεκτο.
1283 291 1647 371 Προσβολήν
1687 293 1746 352 δὲ
1768 295 1883 355 158

182 381 427 459 Δαρείου
470 380 613 440 κατοὶ
654 379 727 440 τοὶ
769 380 1110 460 συγκείμενα
1150 382 1478 458 ποιευμένου
1520 380 1685 459 πέριξ
1719 380 1789 442 τὸ

179 472 387 548 τεῖχος,
418 469 657 529 ἐνθαῦτα
684 467 753 543 δὴ
781 466 965 528 πάντα
990 467 1089 528 τόν
1116 467 1287 529 δόλον
1319 469 1352 530 ὅ
1384 468 1647 546 Ζώπυρος
1678 469 1788 540 ἐξέ-

179 562 367 634 φαινε·
426 560 480 617 οἱ
521 558 627 634 μὲν
653 553 781 638 ·γοὶρ
826 554 1187 631 Βαβυλώνιοι
1230 555 1540 633 α’ναβάντες
1587 556 1681 616 ἐπὶ
1720 554 1789 617 τό

176 648 380 724 τεῖχος,
422 643 702 721 ἠμύνοντο
743 641 850 719 τὴν
893 643 1136 720 Δαρείου
1176 644 1450 721 στρατιήν
1488 643 1789 722 προσβάλ-

176 734 419 793 λουσαν·
462 731 496 793 ὁ
528 732 588 791 δὲ
619 729 882 809 Ζώπυρος
906 730 1007 794 τάς
1037 756 1102 791 τε
1134 733 1387 796 Κισσίας
1418 731 1790 808 καῖΒηλίδας

178 820 523 897 καλεομένας
558 820 744 894 πύλας
781 817 1153 890 ἀναπετάσας,
1187 823 1357 896 ε’σῆκε
1390 820 1522 885 τούς
1556 820 1791 898 Πέρσας

178 911 236 971 ἐς
269 908 340 968 τό
381 912 587 987 τεῖχος·
633 911 746 967 τῶν
783 907 844 966 δὲ
880 907 1259 983 Βαβυλωνίων
1298 907 1353 968 οἳ
1393 910 1498 985 μὲν
1542 908 1687 969 εἶδον
1719 908 1788 969 τό

176 997 415 1072 ποιηθὲν
454 995 609 1057 οὗτοι
645 997 884 1077 ἔφευγον
924 1000 982 1059 ἐς
1022 999 1127 1055 τοῦ
1164 994 1303 1060 Διὸς
1341 1000 1444 1056 τοῦ
1486 996 1682 1074 Βήλου
1719 995 1788 1057 τὸ

180 1084 319 1160 ἶρόν,
343 1085 396 1145 οἳ
417 1085 477 1145 δὲ
498 1083 598 1145 ου’κ
619 1084 766 1145 εἶδον
787 1085 980 1161 ἔμενον
994 1088 1053 1144 ἐν
1070 1086 1144 1162 τῇ
1167 1087 1368 1145 ἑωυτοῦ
1385 1083 1513 1155 τάξι
1535 1084 1789 1156 ἕκαστος,

179 1176 239 1235 ἔς
264 1200 297 1232 ο
270 1170 396 1248 *δὴ
424 1173 518 1232 καὶ
545 1197 700 1233 ουτοι
725 1172 935 1248 ἔμαθον
958 1171 1374 1248 προδεδομένοι.

263 1259 549 1336 Βαβυλων
600 1260 706 1336 μέν
759 1285 858 1320 νυν
910 1283 1054 1319 ουτω
1104 1259 1172 1321 τὸ
1229 1258 1481 1338 δεύτερον
1532 1260 1745 1346 αἱρέθη.
1767 1261 1882 1320 159

182 1352 423 1425 Δαρεῖος
448 1349 562 1408 δὲ’
536 1348 659 1408 επεί
678 1373 742 1408 τε
768 1345 1042 1424 ἐκράτησε
1066 1373 1181 1408 των
1206 1348 1600 1424 Βαβυλωνίων,
1620 1352 1789 1408 τοῦτο

179 1436 288 1513 μέν
315 1443 510 1513 σφεων
532 1462 599 1496 το
623 1438 811 1514 τεῖχος
841 1439 1089 1510 περιεῖλε
1120 1435 1213 1494 καὶ
1246 1434 1349 1499 τοῖς
1380 1434 1566 1500 πύλας
1597 1435 1789 1501 πάσας

147 1567 152 1571 -
182 1521 509 1585 α’πέσπασε·
550 1549 615 1584 το
646 1522 758 1604 γὰρ
783 1521 1057 1601 πρότερον
1084 1522 1226 1583 ἔλων
1258 1525 1444 1602 Κῦρος
1468 1522 1573 1600 τὴν
1597 1525 1787 1599 Βαβυ-

181 1614 394 1672 λωνα’
366 1611 598 1688 εποίησε
622 1609 833 1673 τούτων
858 1609 1166 1689 οὐδέτερον·
1206 1636 1375 1672 τουτο
1407 1611 1525 1672 δὲε
1492 1638 1524 1671 ο
1553 1616 1789 1690 Δαρεῖος

180 1702 293 1760 τῶν
318 1698 531 1777 ἀνδρῶν
554 1698 687 1763 τοῦς
712 1699 1050 1777 κορυφαίους
1074 1697 1335 1776 μάλιστα
1362 1705 1418 1763 ἐς
1439 1700 1790 1779 τρισχιλίους

183 1785 620 1858 ἀνεσκολόπισε,
645 1790 802 1847 τοῖσι
836 1786 897 1846 δὲ
921 1790 1181 1847 λοιποῖσι
1206 1786 1630 1863 Βαβυλωνίοισι
1655 1785 1789 1846 άπέ·

183 1874 322 1935 δωκε
360 1902 468 1951 την
504 1875 676 1936 πόλιν
714 1874 930 1935 οἰκέειν.
998 1899 1069 1937 ως
1108 1873 1156 1933 δ’
1199 1874 1390 1944 ἕξουσι
1426 1877 1690 1956 γυναῖκας
1730 1877 1785 1935 οἶ

123 2036 128 2042 ψ
182 1961 606 2039 Βαβυλώνιοι*
580 1988 669 2024 ινα
694 1969 807 2039 σφι
831 1962 995 2043 γένεα
1019 1960 1368 2043 υπογίνηται,
1392 1961 1528 2023 τάδε
1554 1966 1791 2041 Δαρεῖος

181 2051 481 2128 προῖδων’
454 2051 704 2127 εποίησε·
734 2076 835 2115 τας
858 2050 970 2132 γάρ
998 2053 1225 2123 ἐωυτων,
1254 2077 1327 2115 ως
1352 2076 1445 2110 και
1472 2050 1589 2111 κατ’
1610 2049 1789 2131 οἷρχας

182 2139 509 2216 δεδήλωται,
536 2139 842 2210 ἀπέπνιξαν
867 2142 922 2199 οἱ
947 2137 1308 2215 Βαβυλώνιοι
1337 2143 1440 2199 τοῦ
1466 2139 1629 2199 σίτου
1653 2164 1790 2215 προ-

183 2229 463 2306 ορέωντες·
506 2228 735 2299 ἐπέταξε
759 2231 915 2288 τοῖσι
942 2228 1281 2305 περιοίκοισι
1318 2227 1503 2287 ἔθνεσι
1527 2230 1791 2308 γυναῖκας

183 2321 241 2380 ἐς
266 2318 591 2393 Βαβυλῶνα
615 2315 959 2387 κατιστάναι,
980 2315 1123 2379 ὅσας
1148 2314 1216 2391 δή
1240 2313 1532 2375 ἑκάστοισι
1560 2313 1788 2374 ἐπιτάσ-

183 2431 304 2467 σων
339 2403 487 2466 ὥστε
520 2406 686 2466 πέντε
719 2402 1000 2484 μυριάδων
1030 2402 1100 2464 τὰ
1142 2402 1511 2481 κεφαλαίωμα
1547 2405 1660 2463 τῶν
1687 2428 1785 2484 γυ-

181 2497 388 2555 ναικῶν
415 2494 682 2570 συνῆλθε·
725 2498 787 2553 ἐκ
812 2491 1049 2553 τουτέων
1078 2491 1140 2551 δὲ
1173 2496 1284 2552 τῶν
1307 2493 1578 2575 γυναικῶν
1604 2492 1658 2550 οἶ
1691 2493 1788 2551 νῦν

183 2581 544 2659 Βαβυλώνιοι
570 2580 859 2664 γεγόνασι.

269 2669 535 2748 Ζωπύρου
563 2671 622 2730 δὲ
654 2668 830 2733 οὐδεὶς
860 2666 1235 2778 α’γαθοεργίην
1259 2668 1529 2748 Περσέων
1558 2693 1749 2749 υπερε-
1768 2668 1883 2728 160

133 2761 140 2766 ’
181 2758 406 2836 βάλετο
438 2757 593 2838 παρὰ
621 2757 839 2837 Δαρείῳ
866 2760 1043 2838 κριτῇ,
1073 2782 1200 2818 ουτε
1235 2783 1345 2819 των
1374 2783 1611 2836 υστερον
1634 2783 1790 2840 γενο-

181 2847 380 2934 μένων
409 2871 537 2907 ουτε
581 2851 694 2907 τῶν
736 2844 1009 2924 πρότερον
1054 2843 1144 2906 ὅτι
1192 2839 1274 2922 μὴ
1329 2849 1519 2924 Κῦρος
1562 2850 1785 2922 μοῦνος·

180 2935 360 3015 τούτω
390 2934 504 3017 γὰρ
541 2933 720 2998 ουδεὶς
756 2933 1024 3010 Περσέων
1055 2931 1269 3008 ἠξίωσέ
1297 2958 1373 2992 κω
1408 2931 1609 2992 ἑωυτὸν
1647 2957 1788 3008 συμ-

180 3023 439 3100 βαλέειν.
495 3021 778 3085 πολλάκις
797 3020 857 3080 δὲ
876 3022 1119 3096 Δαρεῖον
1136 3020 1364 3101 λέγεται
1380 3019 1607 3101 γνώμην
1624 3018 1789 3094 τήνδε

182 3109 587 3181 ἀποδέξασθαι,
614 3109 687 3174 ὥς
710 3107 1000 3186 βούλοιτοΙ
1015 3104 1085 3167 ἂν
1113 3105 1377 3184 Ζώπυρον
1403 3105 1541 3166 εἶναι
1571 3105 1791 3166 ἀπαθέα

178 3202 285 3277 τῆς
311 3197 550 3277 οἷεικείης
573 3201 821 3276 μᾶλλον,
840 3192 878 3271 ἢ
904 3193 1254 3270 Βαβυλῶνάς
1281 3197 1335 3254 οἱ
1356 3193 1536 3254 εἴκοσι
1559 3192 1701 3273 πρός
1717 3196 1791 3273 τῇ
1847 3223 1851 3228 ·

182 3286 360 3368 ἐούσῃ
385 3285 828 3369 προσγενέσθαι.
898 3282 1133 3361 ἐτίμησε
1163 3282 1227 3343 δέ
1256 3308 1354 3360 μιν
1382 3281 1658 3364 μεγάλως·
1700 3280 1794 3341 καὶ
