<?xml version="1.0" encoding="UTF-8"?>
<!DOCTYPE html PUBLIC "-//W3C//DTD XHTML 1.0 Transitional//EN"
    "http://www.w3.org/TR/xhtml1/DTD/xhtml1-transitional.dtd">
<html xmlns="http://www.w3.org/1999/xhtml" xml:lang="en" lang="en">
 <head>
  <title>
</title>
<meta http-equiv="Content-Type" content="text/html;charset=utf-8" />
  <meta name='ocr-system' content='tesseract 3.04.00' />
  <meta name='ocr-capabilities' content='ocr_page ocr_carea ocr_par ocr_line ocrx_word'/>
</head>
<body>
  <div class='ocr_page' id='page_1' title='image "./herodotus02unkngoog_0365.png"; bbox 0 0 2184 3517; ppageno 0'>
   <div class='ocr_carea' id='block_1_1' title="bbox 211 104 1974 3316">
    <p class='ocr_par' dir='ltr' id='par_1_1' title="bbox 211 104 1944 961">
     <span class='ocr_line' id='line_1_1' title="bbox 211 104 1885 169; baseline -0.004 -12"><span class='ocrx_word' id='word_1_1' title='bbox 211 141 215 145; x_wconf 65' lang='lat'><strong>.</strong></span> <span class='ocrx_word' id='word_1_2' title='bbox 287 104 568 169; x_wconf 77' lang='lat'>158—161]</span> <span class='ocrx_word' id='word_1_3' title='bbox 871 106 1325 156; x_wconf 74' lang='lat' dir='ltr'><strong>MEAHOMENH.</strong></span> <span class='ocrx_word' id='word_1_4' title='bbox 1791 107 1885 152; x_wconf 75' lang='lat'>345</span> 
     </span>
     <span class='ocr_line' id='line_1_2' title="bbox 280 183 1944 265; baseline -0.001 -21"><span class='ocrx_word' id='word_1_5' title='bbox 280 185 562 254; x_wconf 82' lang='grc' dir='ltr'>συλλέξας</span> <span class='ocrx_word' id='word_1_6' title='bbox 606 185 853 261; x_wconf 74' lang='grc' dir='ltr'>στρατὸν</span> <span class='ocrx_word' id='word_1_7' title='bbox 899 187 1213 265; x_wconf 80' lang='grc' dir='ltr'>Αἰγυπτίων</span> <span class='ocrx_word' id='word_1_8' title='bbox 1259 183 1485 244; x_wconf 83' lang='grc' dir='ltr'>πολλὸν</span> <span class='ocrx_word' id='word_1_9' title='bbox 1534 186 1746 260; x_wconf 84' lang='grc' dir='ltr'>ἔπεμπε</span> <span class='ocrx_word' id='word_1_10' title='bbox 1794 184 1885 243; x_wconf 87' lang='grc' dir='ltr'>ἐπὶ</span> <span class='ocrx_word' id='word_1_11' title='bbox 1936 250 1944 257; x_wconf 84' lang='lat'>.</span> 
     </span>
     <span class='ocr_line' id='line_1_3' title="bbox 276 271 1887 348; baseline 0.001 -17"><span class='ocrx_word' id='word_1_12' title='bbox 276 271 383 346; x_wconf 69' lang='grc' dir='ltr'>τήν</span> <span class='ocrx_word' id='word_1_13' title='bbox 411 274 689 347; x_wconf 85' lang='grc' dir='ltr'>Κυρήνην·</span> <span class='ocrx_word' id='word_1_14' title='bbox 731 275 784 330; x_wconf 81' lang='grc' dir='ltr'>οἱ</span> <span class='ocrx_word' id='word_1_15' title='bbox 820 273 879 331; x_wconf 83' lang='grc' dir='ltr'>δὲ</span> <span class='ocrx_word' id='word_1_16' title='bbox 913 277 1221 348; x_wconf 81' lang='grc' dir='ltr'>Κυρηναῖοι</span> <span class='ocrx_word' id='word_1_17' title='bbox 1263 271 1800 348; x_wconf 82' lang='grc' dir='ltr'>ἐκστρατευσάμενοι</span> <span class='ocrx_word' id='word_1_18' title='bbox 1832 277 1887 334; x_wconf 79' lang='grc' dir='ltr'>ἐς</span> 
     </span>
     <span class='ocr_line' id='line_1_4' title="bbox 269 358 1886 438; baseline 0.001 -21"><span class='ocrx_word' id='word_1_19' title='bbox 269 358 477 435; x_wconf 83' lang='grc' dir='ltr'>Ἴρασα</span> <span class='ocrx_word' id='word_1_20' title='bbox 519 365 701 438; x_wconf 80' lang='grc' dir='ltr'>χῶρον</span> <span class='ocrx_word' id='word_1_21' title='bbox 751 362 841 419; x_wconf 87' lang='grc' dir='ltr'>καὶ</span> <span class='ocrx_word' id='word_1_22' title='bbox 885 361 976 420; x_wconf 86' lang='grc' dir='ltr'>ἐπὶ</span> <span class='ocrx_word' id='word_1_23' title='bbox 1025 360 1230 436; x_wconf 83' lang='grc' dir='ltr'>κρήνην</span> <span class='ocrx_word' id='word_1_24' title='bbox 1278 362 1514 434; x_wconf 82' lang='grc' dir='ltr'>Θέστην,</span> <span class='ocrx_word' id='word_1_25' title='bbox 1563 360 1886 435; x_wconf 87' lang='grc' dir='ltr'>συνέβαλόν</span> 
     </span>
     <span class='ocr_line' id='line_1_5' title="bbox 276 448 1881 527; baseline -0.001 -21"><span class='ocrx_word' id='word_1_26' title='bbox 276 472 339 506; x_wconf 88' lang='grc' dir='ltr'>τε</span> <span class='ocrx_word' id='word_1_27' title='bbox 390 452 544 506; x_wconf 83' lang='grc' dir='ltr'>τοῖσι</span> <span class='ocrx_word' id='word_1_28' title='bbox 597 449 957 527; x_wconf 85' lang='grc' dir='ltr'>Αἰγυπτίοισι</span> <span class='ocrx_word' id='word_1_29' title='bbox 1010 448 1102 505; x_wconf 82' lang='grc' dir='ltr'>καὶ</span> <span class='ocrx_word' id='word_1_30' title='bbox 1158 449 1420 522; x_wconf 86' lang='grc' dir='ltr'>ἐνίκησαν</span> <span class='ocrx_word' id='word_1_31' title='bbox 1466 451 1538 525; x_wconf 78' lang='grc' dir='ltr'>τῇ</span> <span class='ocrx_word' id='word_1_32' title='bbox 1587 449 1881 525; x_wconf 84' lang='grc' dir='ltr'>συμβολῇ·</span> 
     </span>
     <span class='ocr_line' id='line_1_6' title="bbox 278 533 1885 616; baseline -0.001 -23"><span class='ocrx_word' id='word_1_33' title='bbox 278 533 377 593; x_wconf 78' lang='grc' dir='ltr'>ἅτε</span> <span class='ocrx_word' id='word_1_34' title='bbox 428 535 538 616; x_wconf 76' lang='grc' dir='ltr'>γὰρ</span> <span class='ocrx_word' id='word_1_35' title='bbox 591 534 656 594; x_wconf 79' lang='grc' dir='ltr'>οὔ</span> <span class='ocrx_word' id='word_1_36' title='bbox 710 536 1107 612; x_wconf 83' lang='grc' dir='ltr'>πεπειρημένοι</span> <span class='ocrx_word' id='word_1_37' title='bbox 1158 534 1429 611; x_wconf 87' lang='grc' dir='ltr'>πρότερον</span> <span class='ocrx_word' id='word_1_38' title='bbox 1484 538 1537 593; x_wconf 81' lang='grc' dir='ltr'>οἱ</span> <span class='ocrx_word' id='word_1_39' title='bbox 1590 533 1885 614; x_wconf 79' lang='grc' dir='ltr'>Αἰγύπτιοι</span> 
     </span>
     <span class='ocr_line' id='line_1_7' title="bbox 278 620 1883 701; baseline 0 -21"><span class='ocrx_word' id='word_1_40' title='bbox 278 620 586 697; x_wconf 80' lang='grc' dir='ltr'>Ἑλλήνων,</span> <span class='ocrx_word' id='word_1_41' title='bbox 642 623 733 681; x_wconf 88' lang='grc' dir='ltr'>καὶ</span> <span class='ocrx_word' id='word_1_42' title='bbox 783 621 1255 701; x_wconf 79' lang='grc' dir='ltr'>παραχρεώμενοι,</span> <span class='ocrx_word' id='word_1_43' title='bbox 1311 622 1697 699; x_wconf 80' lang='grc' dir='ltr'>διεφθάρησαν</span> <span class='ocrx_word' id='word_1_44' title='bbox 1743 621 1883 682; x_wconf 81' lang='grc' dir='ltr'>οὕτω</span> 
     </span>
     <span class='ocr_line' id='line_1_8' title="bbox 281 708 1880 791; baseline 0.001 -23"><span class='ocrx_word' id='word_1_45' title='bbox 281 708 428 768; x_wconf 80' lang='grc' dir='ltr'>ὥστε</span> <span class='ocrx_word' id='word_1_46' title='bbox 459 709 651 791; x_wconf 80' lang='grc' dir='ltr'>ὀλίγοι</span> <span class='ocrx_word' id='word_1_47' title='bbox 682 712 823 773; x_wconf 80' lang='grc' dir='ltr'>τινὲς</span> <span class='ocrx_word' id='word_1_48' title='bbox 850 709 1029 767; x_wconf 74' lang='grc' dir='ltr'>αὐτῶν</span> <span class='ocrx_word' id='word_1_49' title='bbox 1057 709 1456 784; x_wconf 69' lang='grc' dir='ltr'>ἀπενόστησαν</span> <span class='ocrx_word' id='word_1_50' title='bbox 1490 715 1543 772; x_wconf 85' lang='grc' dir='ltr'>ἐς</span> <span class='ocrx_word' id='word_1_51' title='bbox 1577 708 1880 790; x_wconf 82' lang='grc' dir='ltr'>Αἴγυπτον.</span> 
     </span>
     <span class='ocr_line' id='line_1_9' title="bbox 276 796 1885 903; baseline 0.001 -47"><span class='ocrx_word' id='word_1_52' title='bbox 276 796 401 857; x_wconf 77' lang='grc' dir='ltr'>ἀντὶ</span> <span class='ocrx_word' id='word_1_53' title='bbox 439 797 648 858; x_wconf 84' lang='grc' dir='ltr'>τούτων</span> <span class='ocrx_word' id='word_1_54' title='bbox 689 797 984 903; x_wconf 61' lang='grc' dir='ltr'>Αἰγύπτιοι</span> <span class='ocrx_word' id='word_1_55' title='bbox 1029 823 1170 854; x_wconf 91' lang='grc' dir='ltr'>κατα</span> <span class='ocrx_word' id='word_1_56' title='bbox 1215 801 1390 872; x_wconf 81' lang='grc' dir='ltr'>ταῦτα</span> <span class='ocrx_word' id='word_1_57' title='bbox 1438 797 1885 874; x_wconf 83' lang='grc' dir='ltr'>ἐπιμεμφόμενοι</span> 
     </span>
     <span class='ocr_line' id='line_1_10' title="bbox 278 883 1204 963; baseline -0.001 -20.984"><span class='ocrx_word' id='word_1_58' title='bbox 278 883 499 963; x_wconf 86' lang='grc' dir='ltr'>Ἀπρίῃ,</span> <span class='ocrx_word' id='word_1_59' title='bbox 530 885 863 960; x_wconf 80' lang='grc' dir='ltr'>άπεστησαν</span> <span class='ocrx_word' id='word_1_60' title='bbox 891 884 983 942; x_wconf 80' lang='grc' dir='ltr'>ἀπ’</span> <span class='ocrx_word' id='word_1_61' title='bbox 1014 884 1204 942; x_wconf 81' lang='grc' dir='ltr'>αυτοῦ.</span> 
     </span>
    </p>

    <p class='ocr_par' dir='ltr' id='par_1_2' title="bbox 275 932 1974 3316">
     <span class='ocr_line' id='line_1_11' title="bbox 359 932 1974 1051; baseline -0.001 -21"><span class='ocrx_word' id='word_1_62' title='bbox 359 973 570 1032; x_wconf 82' lang='grc' dir='ltr'>Τούτου</span> <span class='ocrx_word' id='word_1_63' title='bbox 598 974 656 1032; x_wconf 85' lang='grc' dir='ltr'>δὲ</span> <span class='ocrx_word' id='word_1_64' title='bbox 682 976 782 1033; x_wconf 81' lang='grc' dir='ltr'>τοῦ</span> <span class='ocrx_word' id='word_1_65' title='bbox 811 971 1034 1031; x_wconf 88' lang='grc' dir='ltr'>Βάττεω</span> <span class='ocrx_word' id='word_1_66' title='bbox 1060 972 1271 1051; x_wconf 89' lang='grc' dir='ltr'>γίνεται</span> <span class='ocrx_word' id='word_1_67' title='bbox 1296 969 1428 1033; x_wconf 80' lang='grc' dir='ltr'>πάϊς</span> <span class='ocrx_word' id='word_1_68' title='bbox 1449 932 1837 1046; x_wconf 83' lang='grc' dir='ltr'>Ἀρκεσίλεως·</span> <span class='ocrx_word' id='word_1_69' title='bbox 1861 973 1974 1030; x_wconf 87' lang='grc'>160</span> 
     </span>
     <span class='ocr_line' id='line_1_12' title="bbox 277 1057 1881 1136; baseline -0.002 -17"><span class='ocrx_word' id='word_1_70' title='bbox 277 1087 339 1123; x_wconf 90' lang='grc' dir='ltr'>ος</span> <span class='ocrx_word' id='word_1_71' title='bbox 404 1060 764 1136; x_wconf 79' lang='grc' dir='ltr'>βασιλεύσας</span> <span class='ocrx_word' id='word_1_72' title='bbox 830 1064 1024 1135; x_wconf 81' lang='grc' dir='ltr'>πρῶτα</span> <span class='ocrx_word' id='word_1_73' title='bbox 1089 1062 1242 1117; x_wconf 84' lang='grc' dir='ltr'>τοῖσι</span> <span class='ocrx_word' id='word_1_74' title='bbox 1296 1060 1495 1117; x_wconf 79' lang='grc' dir='ltr'>ἑωυτοῦ</span> <span class='ocrx_word' id='word_1_75' title='bbox 1549 1057 1881 1133; x_wconf 79' lang='grc' dir='ltr'>ἀδελφεοῖσι</span> 
     </span>
     <span class='ocr_line' id='line_1_13' title="bbox 277 1143 1882 1224; baseline 0 -18"><span class='ocrx_word' id='word_1_76' title='bbox 277 1149 608 1218; x_wconf 83' lang='grc' dir='ltr'>ἐστασίασε,</span> <span class='ocrx_word' id='word_1_77' title='bbox 637 1152 691 1210; x_wconf 82' lang='grc' dir='ltr'>ἐς</span> <span class='ocrx_word' id='word_1_78' title='bbox 731 1147 763 1208; x_wconf 81' lang='grc' dir='ltr'>ὅ</span> <span class='ocrx_word' id='word_1_79' title='bbox 802 1173 899 1224; x_wconf 85' lang='grc' dir='ltr'>μιν</span> <span class='ocrx_word' id='word_1_80' title='bbox 941 1144 1096 1205; x_wconf 80' lang='grc' dir='ltr'>οὗτοι</span> <span class='ocrx_word' id='word_1_81' title='bbox 1136 1143 1508 1207; x_wconf 76' lang='grc' dir='ltr'>ἀπολιπόντες</span> <span class='ocrx_word' id='word_1_82' title='bbox 1556 1145 1777 1223; x_wconf 80' lang='grc' dir='ltr'>οἴχοντο</span> <span class='ocrx_word' id='word_1_83' title='bbox 1826 1149 1882 1208; x_wconf 85' lang='grc' dir='ltr'>ἐς</span> 
     </span>
     <span class='ocr_line' id='line_1_14' title="bbox 277 1230 1878 1314; baseline -0.002 -20"><span class='ocrx_word' id='word_1_84' title='bbox 277 1234 463 1295; x_wconf 71' lang='grc' dir='ltr'>ἄλλον</span> <span class='ocrx_word' id='word_1_85' title='bbox 502 1242 686 1314; x_wconf 53' lang='grc' dir='ltr'>χαῖρον</span> <span class='ocrx_word' id='word_1_86' title='bbox 727 1239 829 1310; x_wconf 80' lang='grc' dir='ltr'>τῆς</span> <span class='ocrx_word' id='word_1_87' title='bbox 870 1234 1108 1309; x_wconf 85' lang='grc' dir='ltr'>Λιβύης,</span> <span class='ocrx_word' id='word_1_88' title='bbox 1147 1232 1239 1291; x_wconf 83' lang='grc' dir='ltr'>καὶ</span> <span class='ocrx_word' id='word_1_89' title='bbox 1284 1230 1367 1290; x_wconf 81' lang='grc' dir='ltr'>ἐπ’</span> <span class='ocrx_word' id='word_1_90' title='bbox 1413 1235 1623 1291; x_wconf 78' lang='grc' dir='ltr'>ἑωυτῶν</span> <span class='ocrx_word' id='word_1_91' title='bbox 1658 1231 1878 1307; x_wconf 84' lang='grc' dir='ltr'>βαλλό-</span> 
     </span>
     <span class='ocr_line' id='line_1_15' title="bbox 275 1319 1878 1398; baseline -0.002 -17"><span class='ocrx_word' id='word_1_92' title='bbox 275 1348 452 1398; x_wconf 90' lang='grc' dir='ltr'>μενοι,</span> <span class='ocrx_word' id='word_1_93' title='bbox 482 1324 707 1382; x_wconf 86' lang='grc' dir='ltr'>ἔκτισαν</span> <span class='ocrx_word' id='word_1_94' title='bbox 744 1323 914 1381; x_wconf 89' lang='grc' dir='ltr'>πόλιν</span> <span class='ocrx_word' id='word_1_95' title='bbox 953 1321 1159 1396; x_wconf 77' lang='grc' dir='ltr'>ταύτην</span> <span class='ocrx_word' id='word_1_96' title='bbox 1199 1319 1237 1395; x_wconf 77' lang='grc' dir='ltr'>ἢ</span> <span class='ocrx_word' id='word_1_97' title='bbox 1277 1319 1405 1379; x_wconf 87' lang='grc' dir='ltr'>τότε</span> <span class='ocrx_word' id='word_1_98' title='bbox 1439 1319 1530 1378; x_wconf 86' lang='grc' dir='ltr'>καὶ</span> <span class='ocrx_word' id='word_1_99' title='bbox 1557 1324 1654 1379; x_wconf 81' lang='grc' dir='ltr'>νῦν</span> <span class='ocrx_word' id='word_1_100' title='bbox 1686 1319 1878 1397; x_wconf 89' lang='grc' dir='ltr'>Βάρκη</span> 
     </span>
     <span class='ocr_line' id='line_1_16' title="bbox 278 1406 1879 1484; baseline -0.001 -17"><span class='ocrx_word' id='word_1_101' title='bbox 278 1408 556 1469; x_wconf 78' lang='grc' dir='ltr'>καλέεται·</span> <span class='ocrx_word' id='word_1_102' title='bbox 615 1411 887 1480; x_wconf 85' lang='grc' dir='ltr'>κτίζοντες</span> <span class='ocrx_word' id='word_1_103' title='bbox 939 1407 984 1466; x_wconf 83' lang='grc' dir='ltr'>δ’</span> <span class='ocrx_word' id='word_1_104' title='bbox 1034 1406 1153 1484; x_wconf 81' lang='grc' dir='ltr'>ἅμα</span> <span class='ocrx_word' id='word_1_105' title='bbox 1205 1406 1378 1482; x_wconf 77' lang='grc' dir='ltr'>αὗτήν</span> <span class='ocrx_word' id='word_1_106' title='bbox 1432 1407 1713 1467; x_wconf 73' lang='grc' dir='ltr'>ἀπιστᾶσι</span> <span class='ocrx_word' id='word_1_107' title='bbox 1765 1406 1879 1466; x_wconf 64' lang='lat' dir='ltr'>dm}</span> 
     </span>
     <span class='ocr_line' id='line_1_17' title="bbox 275 1495 1881 1573; baseline -0.001 -19"><span class='ocrx_word' id='word_1_108' title='bbox 275 1522 391 1555; x_wconf 89' lang='grc' dir='ltr'>των</span> <span class='ocrx_word' id='word_1_109' title='bbox 414 1498 742 1573; x_wconf 85' lang='grc' dir='ltr'>Κυρηναίων</span> <span class='ocrx_word' id='word_1_110' title='bbox 773 1522 901 1558; x_wconf 92' lang='grc' dir='ltr'>τους</span> <span class='ocrx_word' id='word_1_111' title='bbox 936 1495 1170 1572; x_wconf 86' lang='grc' dir='ltr'>Λίβυας.</span> <span class='ocrx_word' id='word_1_112' title='bbox 1228 1521 1366 1571; x_wconf 87' lang='grc' dir='ltr'>μετα</span> <span class='ocrx_word' id='word_1_113' title='bbox 1406 1495 1481 1565; x_wconf 77' lang='grc' dir='ltr'>δὲ,</span> <span class='ocrx_word' id='word_1_114' title='bbox 1508 1495 1881 1572; x_wconf 84' lang='grc' dir='ltr'>Ἀρκεσίλεως</span> 
     </span>
     <span class='ocr_line' id='line_1_18' title="bbox 279 1581 1877 1691; baseline 0 -51"><span class='ocrx_word' id='word_1_115' title='bbox 279 1587 336 1645; x_wconf 85' lang='grc' dir='ltr'>ἐς</span> <span class='ocrx_word' id='word_1_116' title='bbox 384 1609 512 1647; x_wconf 89' lang='grc' dir='ltr'>τους</span> <span class='ocrx_word' id='word_1_117' title='bbox 561 1582 1000 1691; x_wconf 80' lang='grc' dir='ltr'>ὖποδεξαμενους</span> <span class='ocrx_word' id='word_1_118' title='bbox 1051 1609 1114 1643; x_wconf 89' lang='grc' dir='ltr'>τε</span> <span class='ocrx_word' id='word_1_119' title='bbox 1164 1587 1274 1642; x_wconf 75' lang='grc' dir='ltr'>τῶν</span> <span class='ocrx_word' id='word_1_120' title='bbox 1325 1582 1553 1659; x_wconf 82' lang='grc' dir='ltr'>Λιβύων</span> <span class='ocrx_word' id='word_1_121' title='bbox 1605 1582 1696 1641; x_wconf 88' lang='grc' dir='ltr'>καὶ</span> <span class='ocrx_word' id='word_1_122' title='bbox 1744 1581 1877 1640; x_wconf 84' lang='grc' dir='ltr'>άπο-</span> 
     </span>
     <span class='ocr_line' id='line_1_19' title="bbox 278 1669 1881 1745; baseline 0 -18"><span class='ocrx_word' id='word_1_123' title='bbox 278 1673 553 1734; x_wconf 79' lang='grc' dir='ltr'>στάντας</span> <span class='ocrx_word' id='word_1_124' title='bbox 572 1696 702 1734; x_wconf 89' lang='grc' dir='ltr'>τους</span> <span class='ocrx_word' id='word_1_125' title='bbox 747 1696 946 1733; x_wconf 86' lang='grc' dir='ltr'>αυτους</span> <span class='ocrx_word' id='word_1_126' title='bbox 991 1670 1233 1739; x_wconf 80' lang='grc' dir='ltr'>τούτους,</span> <span class='ocrx_word' id='word_1_127' title='bbox 1284 1671 1774 1745; x_wconf 83' lang='grc' dir='ltr'>ἐστρατεύετο·οῖ</span> <span class='ocrx_word' id='word_1_128' title='bbox 1821 1669 1881 1728; x_wconf 81' lang='grc' dir='ltr'>δὲ</span> 
     </span>
     <span class='ocr_line' id='line_1_20' title="bbox 276 1756 1880 1837; baseline 0.002 -22"><span class='ocrx_word' id='word_1_129' title='bbox 276 1758 491 1833; x_wconf 82' lang='grc' dir='ltr'>Λίβυες</span> <span class='ocrx_word' id='word_1_130' title='bbox 542 1759 824 1820; x_wconf 83' lang='grc' dir='ltr'>δείσαντες</span> <span class='ocrx_word' id='word_1_131' title='bbox 876 1756 1062 1826; x_wconf 75' lang='grc' dir='ltr'>αὐτὸν,</span> <span class='ocrx_word' id='word_1_132' title='bbox 1113 1758 1333 1834; x_wconf 80' lang='grc' dir='ltr'>οἴχοντο</span> <span class='ocrx_word' id='word_1_133' title='bbox 1390 1760 1685 1837; x_wconf 84' lang='grc' dir='ltr'>φεύγοντες</span> <span class='ocrx_word' id='word_1_134' title='bbox 1740 1756 1880 1833; x_wconf 76' lang='grc' dir='ltr'>προς</span> 
     </span>
     <span class='ocr_line' id='line_1_21' title="bbox 276 1843 1878 1921; baseline 0.001 -19"><span class='ocrx_word' id='word_1_135' title='bbox 276 1843 406 1907; x_wconf 79' lang='grc' dir='ltr'>τούς</span> <span class='ocrx_word' id='word_1_136' title='bbox 447 1844 633 1919; x_wconf 80' lang='grc' dir='ltr'>ηὀίους</span> <span class='ocrx_word' id='word_1_137' title='bbox 672 1848 782 1904; x_wconf 82' lang='grc' dir='ltr'>τῶν</span> <span class='ocrx_word' id='word_1_138' title='bbox 812 1843 1066 1920; x_wconf 81' lang='grc' dir='ltr'>Λιβύων·</span> <span class='ocrx_word' id='word_1_139' title='bbox 1115 1843 1147 1903; x_wconf 82' lang='grc' dir='ltr'>ὁ</span> <span class='ocrx_word' id='word_1_140' title='bbox 1190 1844 1247 1902; x_wconf 83' lang='grc' dir='ltr'>δὲ</span> <span class='ocrx_word' id='word_1_141' title='bbox 1286 1843 1654 1921; x_wconf 87' lang='grc' dir='ltr'>Ἀρκεσίλεως</span> <span class='ocrx_word' id='word_1_142' title='bbox 1695 1845 1878 1903; x_wconf 85' lang='grc' dir='ltr'>εἵπετο</span> 
     </span>
     <span class='ocr_line' id='line_1_22' title="bbox 280 1930 1875 2011; baseline -0.001 -21"><span class='ocrx_word' id='word_1_143' title='bbox 280 1932 577 2009; x_wconf 67' lang='grc' dir='ltr'>φεύγουσι,</span> <span class='ocrx_word' id='word_1_144' title='bbox 607 1937 662 1995; x_wconf 81' lang='grc' dir='ltr'>ἐς</span> <span class='ocrx_word' id='word_1_145' title='bbox 693 1930 758 1992; x_wconf 82' lang='grc' dir='ltr'>οὗ</span> <span class='ocrx_word' id='word_1_146' title='bbox 799 1937 856 1991; x_wconf 84' lang='grc' dir='ltr'>ἐν</span> <span class='ocrx_word' id='word_1_147' title='bbox 892 1930 1144 1991; x_wconf 80' lang='grc' dir='ltr'>Λεύκωνί</span> <span class='ocrx_word' id='word_1_148' title='bbox 1174 1957 1236 1992; x_wconf 90' lang='grc' dir='ltr'>τε</span> <span class='ocrx_word' id='word_1_149' title='bbox 1276 1936 1376 2007; x_wconf 85' lang='grc' dir='ltr'>τῆς</span> <span class='ocrx_word' id='word_1_150' title='bbox 1413 1933 1633 2008; x_wconf 81' lang='grc' dir='ltr'>Λιβύης</span> <span class='ocrx_word' id='word_1_151' title='bbox 1666 1933 1875 2011; x_wconf 86' lang='grc' dir='ltr'>ἐγίνετο</span> 
     </span>
     <span class='ocr_line' id='line_1_23' title="bbox 279 2018 1878 2093; baseline 0.003 -18"><span class='ocrx_word' id='word_1_152' title='bbox 279 2018 593 2089; x_wconf 81' lang='grc' dir='ltr'>ἐπιδιώκων,</span> <span class='ocrx_word' id='word_1_153' title='bbox 643 2021 734 2078; x_wconf 86' lang='grc' dir='ltr'>καὶ</span> <span class='ocrx_word' id='word_1_154' title='bbox 788 2019 939 2088; x_wconf 78' lang='grc' dir='ltr'>ἔδοξε</span> <span class='ocrx_word' id='word_1_155' title='bbox 992 2022 1147 2078; x_wconf 81' lang='grc' dir='ltr'>τοῖσι</span> <span class='ocrx_word' id='word_1_156' title='bbox 1199 2018 1419 2093; x_wconf 85' lang='grc' dir='ltr'>Λίβυσι</span> <span class='ocrx_word' id='word_1_157' title='bbox 1468 2019 1760 2080; x_wconf 84' lang='grc' dir='ltr'>ἐπιθέσθαι</span> <span class='ocrx_word' id='word_1_158' title='bbox 1807 2022 1878 2079; x_wconf 83' lang='grc' dir='ltr'>οἱ·</span> 
     </span>
     <span class='ocr_line' id='line_1_24' title="bbox 279 2105 1877 2184; baseline 0.002 -22"><span class='ocrx_word' id='word_1_159' title='bbox 279 2105 674 2181; x_wconf 86' lang='grc' dir='ltr'>συμβαλόντες</span> <span class='ocrx_word' id='word_1_160' title='bbox 713 2107 772 2165; x_wconf 83' lang='grc' dir='ltr'>δὲ</span> <span class='ocrx_word' id='word_1_161' title='bbox 805 2108 1067 2182; x_wconf 86' lang='grc' dir='ltr'>ἐνίκησαν</span> <span class='ocrx_word' id='word_1_162' title='bbox 1091 2106 1222 2169; x_wconf 74' lang='grc' dir='ltr'>τούς</span> <span class='ocrx_word' id='word_1_163' title='bbox 1249 2106 1597 2184; x_wconf 88' lang='grc' dir='ltr'>Κυρηναίους</span> <span class='ocrx_word' id='word_1_164' title='bbox 1618 2112 1877 2179; x_wconf 82' lang='grc' dir='ltr'>τοσοῦτο,</span> 
     </span>
     <span class='ocr_line' id='line_1_25' title="bbox 281 2191 1881 2272; baseline 0.001 -22"><span class='ocrx_word' id='word_1_165' title='bbox 281 2191 427 2251; x_wconf 74' lang='grc' dir='ltr'>ὥστε</span> <span class='ocrx_word' id='word_1_166' title='bbox 483 2196 938 2272; x_wconf 79' lang='grc' dir='ltr'>ἑπτακισχιλίους</span> <span class='ocrx_word' id='word_1_167' title='bbox 989 2192 1227 2256; x_wconf 78' lang='grc' dir='ltr'>ὁπλίτας</span> <span class='ocrx_word' id='word_1_168' title='bbox 1275 2193 1600 2268; x_wconf 88' lang='grc' dir='ltr'>Κυρηναίων</span> <span class='ocrx_word' id='word_1_169' title='bbox 1648 2195 1881 2252; x_wconf 82' lang='grc' dir='ltr'>ἐνθαῦτα</span> 
     </span>
     <span class='ocr_line' id='line_1_26' title="bbox 276 2279 1882 2356; baseline 0.003 -21"><span class='ocrx_word' id='word_1_170' title='bbox 276 2280 523 2338; x_wconf 83' lang='grc' dir='ltr'>πεσέειν.</span> <span class='ocrx_word' id='word_1_171' title='bbox 603 2280 747 2356; x_wconf 69' lang='grc' dir='ltr'>μετὰ</span> <span class='ocrx_word' id='word_1_172' title='bbox 804 2281 862 2339; x_wconf 80' lang='grc' dir='ltr'>δὲ</span> <span class='ocrx_word' id='word_1_173' title='bbox 913 2281 980 2340; x_wconf 65' lang='lat' dir='ltr'>vd</span> <span class='ocrx_word' id='word_1_174' title='bbox 1032 2283 1242 2356; x_wconf 80' lang='grc' dir='ltr'>τρῶμα</span> <span class='ocrx_word' id='word_1_175' title='bbox 1282 2284 1447 2340; x_wconf 78' lang='grc' dir='ltr'>τοῦτο</span> <span class='ocrx_word' id='word_1_176' title='bbox 1510 2279 1882 2356; x_wconf 89' lang='grc' dir='ltr'>Ἀρκεσίλεων</span> 
     </span>
     <span class='ocr_line' id='line_1_27' title="bbox 276 2365 1882 2444; baseline 0.001 -20"><span class='ocrx_word' id='word_1_177' title='bbox 276 2366 384 2442; x_wconf 76' lang='grc' dir='ltr'>μὲν</span> <span class='ocrx_word' id='word_1_178' title='bbox 423 2367 703 2444; x_wconf 87' lang='grc' dir='ltr'>κάμνοντά</span> <span class='ocrx_word' id='word_1_179' title='bbox 740 2393 803 2428; x_wconf 92' lang='grc' dir='ltr'>τε</span> <span class='ocrx_word' id='word_1_180' title='bbox 847 2368 939 2427; x_wconf 79' lang='grc' dir='ltr'>καὶ</span> <span class='ocrx_word' id='word_1_181' title='bbox 979 2367 1280 2444; x_wconf 85' lang='grc' dir='ltr'>φάρμακον</span> <span class='ocrx_word' id='word_1_182' title='bbox 1318 2366 1613 2425; x_wconf 86' lang='grc' dir='ltr'>πεπωκότα</span> <span class='ocrx_word' id='word_1_183' title='bbox 1651 2365 1683 2425; x_wconf 78' lang='grc' dir='ltr'>ὁ</span> <span class='ocrx_word' id='word_1_184' title='bbox 1721 2366 1882 2426; x_wconf 83' lang='grc' dir='ltr'>άὸελ-</span> 
     </span>
     <span class='ocr_line' id='line_1_28' title="bbox 280 2453 1880 2534; baseline 0.002 -25"><span class='ocrx_word' id='word_1_185' title='bbox 280 2453 422 2526; x_wconf 82' lang='grc' dir='ltr'>φεός</span> <span class='ocrx_word' id='word_1_186' title='bbox 463 2458 719 2533; x_wconf 86' lang='grc' dir='ltr'>Λέαρχος</span> <span class='ocrx_word' id='word_1_187' title='bbox 762 2454 1075 2534; x_wconf 77' lang='grc' dir='ltr'>ἀποπνίγεί·</span> <span class='ocrx_word' id='word_1_188' title='bbox 1138 2458 1396 2531; x_wconf 88' lang='grc' dir='ltr'>Λέαρχον</span> <span class='ocrx_word' id='word_1_189' title='bbox 1452 2453 1510 2514; x_wconf 83' lang='grc' dir='ltr'>δὲ</span> <span class='ocrx_word' id='word_1_190' title='bbox 1562 2453 1601 2531; x_wconf 80' lang='grc' dir='ltr'><em>ἦ</em></span> <span class='ocrx_word' id='word_1_191' title='bbox 1652 2454 1790 2534; x_wconf 75' lang='grc' dir='ltr'>γυνή</span> <span class='ocrx_word' id='word_1_192' title='bbox 1843 2455 1880 2531; x_wconf 81' lang='grc' dir='ltr'><em>ἦ</em></span> 
     </span>
     <span class='ocr_line' id='line_1_29' title="bbox 277 2538 1880 2621; baseline 0.003 -24"><span class='ocrx_word' id='word_1_193' title='bbox 277 2538 620 2615; x_wconf 88' lang='grc' dir='ltr'>Ἀρκεσίλεω</span> <span class='ocrx_word' id='word_1_194' title='bbox 677 2542 823 2621; x_wconf 75' lang='grc' dir='ltr'>δόλῳ</span> <span class='ocrx_word' id='word_1_195' title='bbox 879 2542 1088 2612; x_wconf 88' lang='grc' dir='ltr'>κτείνει,</span> <span class='ocrx_word' id='word_1_196' title='bbox 1144 2544 1215 2619; x_wconf 78' lang='grc' dir='ltr'>τῇ</span> <span class='ocrx_word' id='word_1_197' title='bbox 1269 2540 1480 2618; x_wconf 76' lang='grc' dir='ltr'>οὔνομα</span> <span class='ocrx_word' id='word_1_198' title='bbox 1530 2541 1600 2618; x_wconf 84' lang='grc' dir='ltr'>ἦν</span> <span class='ocrx_word' id='word_1_199' title='bbox 1651 2541 1880 2618; x_wconf 78' lang='grc' dir='ltr'>Ἐρυξώ.</span> 
     </span>
     <span class='ocr_line' id='line_1_30' title="bbox 281 2627 1970 2706; baseline 0.003 -23"><span class='ocrx_word' id='word_1_200' title='bbox 281 2627 584 2695; x_wconf 81' lang='grc' dir='ltr'>Διεδέξατο</span> <span class='ocrx_word' id='word_1_201' title='bbox 612 2629 671 2687; x_wconf 81' lang='grc' dir='ltr'>δὲ</span> <span class='ocrx_word' id='word_1_202' title='bbox 696 2631 799 2703; x_wconf 80' lang='grc' dir='ltr'>τήν</span> <span class='ocrx_word' id='word_1_203' title='bbox 825 2630 1138 2706; x_wconf 75' lang='grc' dir='ltr'>βασιληίην</span> <span class='ocrx_word' id='word_1_204' title='bbox 1164 2633 1265 2688; x_wconf 83' lang='grc' dir='ltr'>τοῦ</span> <span class='ocrx_word' id='word_1_205' title='bbox 1290 2627 1630 2705; x_wconf 88' lang='grc' dir='ltr'>Ἀρκεσίλεω</span> <span class='ocrx_word' id='word_1_206' title='bbox 1658 2628 1692 2688; x_wconf 78' lang='grc' dir='ltr'>ὁ</span> <span class='ocrx_word' id='word_1_207' title='bbox 1716 2630 1844 2693; x_wconf 79' lang='grc' dir='ltr'>πάϊς</span> <span class='ocrx_word' id='word_1_208' title='bbox 1864 2633 1970 2689; x_wconf 88' lang='grc'>161</span> 
     </span>
     <span class='ocr_line' id='line_1_31' title="bbox 280 2712 1884 2794; baseline 0.002 -23"><span class='ocrx_word' id='word_1_209' title='bbox 280 2712 516 2784; x_wconf 85' lang='grc' dir='ltr'>Βάττος,</span> <span class='ocrx_word' id='word_1_210' title='bbox 544 2714 728 2794; x_wconf 80' lang='grc' dir='ltr'>χωλός</span> <span class='ocrx_word' id='word_1_211' title='bbox 761 2715 863 2776; x_wconf 78' lang='grc' dir='ltr'>ἐῶν</span> <span class='ocrx_word' id='word_1_212' title='bbox 896 2715 989 2773; x_wconf 82' lang='grc' dir='ltr'>καὶ</span> <span class='ocrx_word' id='word_1_213' title='bbox 1022 2715 1122 2774; x_wconf 72' lang='grc' dir='ltr'>οὐκ</span> <span class='ocrx_word' id='word_1_214' title='bbox 1155 2715 1430 2791; x_wconf 75' lang='grc' dir='ltr'>ἀρτίπους.</span> <span class='ocrx_word' id='word_1_215' title='bbox 1518 2720 1573 2776; x_wconf 80' lang='grc' dir='ltr'>οἱ</span> <span class='ocrx_word' id='word_1_216' title='bbox 1610 2716 1668 2775; x_wconf 82' lang='grc' dir='ltr'>δὲ</span> <span class='ocrx_word' id='word_1_217' title='bbox 1702 2723 1884 2794; x_wconf 82' lang='grc' dir='ltr'>Κυρη-</span> 
     </span>
     <span class='ocr_line' id='line_1_32' title="bbox 280 2802 1886 2881; baseline 0.003 -21"><span class='ocrx_word' id='word_1_218' title='bbox 280 2802 430 2860; x_wconf 87' lang='grc' dir='ltr'>ναῖοι</span> <span class='ocrx_word' id='word_1_219' title='bbox 469 2803 608 2879; x_wconf 75' lang='grc' dir='ltr'>πρὸς</span> <span class='ocrx_word' id='word_1_220' title='bbox 648 2803 751 2878; x_wconf 79' lang='grc' dir='ltr'>τήν</span> <span class='ocrx_word' id='word_1_221' title='bbox 792 2804 1237 2878; x_wconf 84' lang='grc' dir='ltr'>καταλαβοῦσαν</span> <span class='ocrx_word' id='word_1_222' title='bbox 1284 2803 1592 2881; x_wconf 75' lang='grc' dir='ltr'>συμφορήν</span> <span class='ocrx_word' id='word_1_223' title='bbox 1639 2807 1886 2880; x_wconf 84' lang='grc' dir='ltr'>ἔπεμπον</span> 
     </span>
     <span class='ocr_line' id='line_1_33' title="bbox 282 2890 1885 2968; baseline 0.003 -22"><span class='ocrx_word' id='word_1_224' title='bbox 282 2891 341 2952; x_wconf 83' lang='grc' dir='ltr'>ἐς</span> <span class='ocrx_word' id='word_1_225' title='bbox 382 2890 648 2964; x_wconf 74' lang='grc' dir='ltr'>Δελφούς</span> <span class='ocrx_word' id='word_1_226' title='bbox 689 2890 1168 2968; x_wconf 83' lang='grc' dir='ltr'>ἐπειρησομένους,</span> <span class='ocrx_word' id='word_1_227' title='bbox 1206 2915 1270 2949; x_wconf 91' lang='grc' dir='ltr'>ον</span> <span class='ocrx_word' id='word_1_228' title='bbox 1304 2916 1429 2950; x_wconf 87' lang='grc' dir='ltr'>τινα</span> <span class='ocrx_word' id='word_1_229' title='bbox 1469 2917 1681 2967; x_wconf 89' lang='grc' dir='ltr'>τροπον</span> <span class='ocrx_word' id='word_1_230' title='bbox 1723 2919 1885 2953; x_wconf 86' lang='grc' dir='ltr'>κατα·</span> 
     </span>
     <span class='ocr_line' id='line_1_34' title="bbox 283 2975 1884 3056; baseline 0.003 -22"><span class='ocrx_word' id='word_1_231' title='bbox 283 2977 635 3052; x_wconf 89' lang='grc' dir='ltr'>στησάμενοι</span> <span class='ocrx_word' id='word_1_232' title='bbox 690 2976 975 3037; x_wconf 87' lang='grc' dir='ltr'>κάλλιστα</span> <span class='ocrx_word' id='word_1_233' title='bbox 1027 2975 1097 3035; x_wconf 79' lang='grc' dir='ltr'>ἂν</span> <span class='ocrx_word' id='word_1_234' title='bbox 1154 2977 1415 3047; x_wconf 86' lang='grc' dir='ltr'>οἰκέοιεν;</span> <span class='ocrx_word' id='word_1_235' title='bbox 1485 2977 1523 3052; x_wconf 81' lang='grc' dir='ltr'><em>ἦ</em></span> <span class='ocrx_word' id='word_1_236' title='bbox 1577 2979 1637 3037; x_wconf 83' lang='grc' dir='ltr'>δὲ</span> <span class='ocrx_word' id='word_1_237' title='bbox 1696 2981 1884 3056; x_wconf 83' lang='grc' dir='ltr'>Πυθίη</span> 
     </span>
     <span class='ocr_line' id='line_1_35' title="bbox 284 3062 1917 3144; baseline 0.002 -23"><span class='ocrx_word' id='word_1_238' title='bbox 284 3063 503 3121; x_wconf 82' lang='grc' dir='ltr'>ἐκέλευε</span> <span class='ocrx_word' id='word_1_239' title='bbox 545 3069 606 3123; x_wconf 87' lang='grc' dir='ltr'>ἐκ</span> <span class='ocrx_word' id='word_1_240' title='bbox 651 3065 963 3139; x_wconf 82' lang='grc' dir='ltr'>Μαντινέης</span> <span class='ocrx_word' id='word_1_241' title='bbox 1004 3067 1107 3139; x_wconf 80' lang='grc' dir='ltr'>τῆς</span> <span class='ocrx_word' id='word_1_242' title='bbox 1146 3062 1428 3140; x_wconf 83' lang='grc' dir='ltr'>Ἀρκάδων</span> <span class='ocrx_word' id='word_1_243' title='bbox 1472 3071 1887 3144; x_wconf 86' lang='grc' dir='ltr'>καταρτιστῆρα</span> <span class='ocrx_word' id='word_1_244' title='bbox 1907 3108 1917 3116; x_wconf 83' lang='grc'><strong>-</strong></span> 
     </span>
     <span class='ocr_line' id='line_1_36' title="bbox 283 3147 1887 3230; baseline 0.003 -23"><span class='ocrx_word' id='word_1_245' title='bbox 283 3147 620 3230; x_wconf 71' lang='grc' dir='ltr'>ἀγαγέσθαι.</span> <span class='ocrx_word' id='word_1_246' title='bbox 702 3151 887 3210; x_wconf 84' lang='grc' dir='ltr'>αἴτεον</span> <span class='ocrx_word' id='word_1_247' title='bbox 926 3150 1000 3210; x_wconf 78' lang='grc' dir='ltr'>ὧν</span> <span class='ocrx_word' id='word_1_248' title='bbox 1039 3153 1094 3210; x_wconf 80' lang='grc' dir='ltr'>οἱ</span> <span class='ocrx_word' id='word_1_249' title='bbox 1135 3155 1457 3227; x_wconf 83' lang='grc' dir='ltr'>Κυρηναῖοι,</span> <span class='ocrx_word' id='word_1_250' title='bbox 1502 3151 1595 3210; x_wconf 79' lang='grc' dir='ltr'>καὶ</span> <span class='ocrx_word' id='word_1_251' title='bbox 1636 3155 1690 3210; x_wconf 80' lang='grc' dir='ltr'>οἶ</span> <span class='ocrx_word' id='word_1_252' title='bbox 1730 3158 1887 3213; x_wconf 87' lang='grc' dir='ltr'>Μαν-</span> 
     </span>
     <span class='ocr_line' id='line_1_37' title="bbox 280 3230 1886 3316; baseline 0.001 -20"><span class='ocrx_word' id='word_1_253' title='bbox 280 3237 456 3300; x_wconf 81' lang='grc' dir='ltr'>τινέες</span> <span class='ocrx_word' id='word_1_254' title='bbox 509 3237 711 3297; x_wconf 84' lang='grc' dir='ltr'>ἔδοσαν</span> <span class='ocrx_word' id='word_1_255' title='bbox 757 3235 929 3315; x_wconf 76' lang='grc' dir='ltr'>ἄνδρα</span> <span class='ocrx_word' id='word_1_256' title='bbox 975 3242 1084 3298; x_wconf 80' lang='grc' dir='ltr'>τῶν</span> <span class='ocrx_word' id='word_1_257' title='bbox 1132 3236 1317 3295; x_wconf 82' lang='grc' dir='ltr'>οἰστῶν</span> <span class='ocrx_word' id='word_1_258' title='bbox 1374 3230 1764 3312; x_wconf 72' lang='grc' dir='ltr'>δοκιμώτατον,</span> <span class='ocrx_word' id='word_1_259' title='bbox 1810 3244 1886 3316; x_wconf 77' lang='grc' dir='ltr'>τῷ</span> 
     </span>
    </p>
   </div>
  </div>
 </body>
</html>
