2184 3517
339 106 438 153 256
951 103 1317 152 ἩΡοΔοΤοΥ
1805 100 1936 165 [111.

340 184 551 260 ἔβενον,
597 182 689 241 καὶ
731 181 931 261 ἄνδρας
971 180 1275 262 μεγίστους
1316 180 1410 240 καὶ
1453 176 1799 244 καλλίστους
1851 180 1947 239 καὶ

339 268 847 347 μακροβιωτάτους.

250 360 365 419 115
447 355 626 417 Αὗται
650 357 756 433 μέν
781 383 877 419 νυν
909 357 966 416 ἔν
995 380 1059 416 τε
1092 359 1166 434 τῇ
1204 356 1374 435 Ἀσίῃ
1408 356 1671 434 ἐσχατιαί
1704 358 1818 416 εἰσι
1855 356 1947 414 καὶ

344 452 405 507 ἐν
431 450 504 525 τῇ
529 445 741 524 Λιβύῃ.
821 445 950 523 περὶ
975 444 1037 505 δὲ
1069 449 1183 506 τῶν
1209 450 1269 505 ἐν
1293 449 1365 523 τῇ
1401 443 1646 522 Εὐρώπῃ
1671 447 1782 504 τῶν
1806 443 1949 521 πρὸς

344 535 587 611 ἑσπέρην
627 534 931 613 ἐσχατιέων
972 533 1080 612 ἔχω
1119 535 1225 609 μὲν
1265 531 1366 591 οὔκ
1417 531 1687 609 ἀτρεκέως
1738 531 1946 612 λέγειν·

344 621 473 683 οὔτε
493 622 605 703 γοὶρ
636 622 808 703 ἔγωγε
844 621 1134 698 ἐνδέκομαι
1155 619 1456 698 Ἠριδανόν
1480 644 1607 680 τινα
1642 618 1951 679 καλέεσθαι

344 710 488 788 πρός
536 710 853 787 βαρβάρων
902 707 1180 786 ποταμόν,
1222 706 1506 768 ἐκδιδόντα
1547 712 1605 772 ἐς
1642 705 1951 768 θάλασσαν

345 823 453 874 την
486 797 628 875 πρὸς
660 799 850 909 βορῆν
883 795 1104 879 ἄνεμον,
1131 794 1226 855 ἀπ’
1257 794 1383 856 ὅτευ
1420 795 1489 855 τό
1514 793 1797 872 ἤλεκτρον
1827 801 1954 871 φοι·

345 890 453 946 τᾶν
504 884 678 966 λόγος
728 886 870 955 ἐστὶ,
920 909 1048 944 ουτε
1091 882 1302 960 νήσους
1354 874 1480 943 οἶδα
1531 883 1956 994 Κασσιτερίδας

350 973 566 1044 ἐούσας,
593 979 655 1033 ἐκ
679 976 789 1033 τῶν
816 972 848 1033 ὁ
881 972 1217 1049 κασσίτερος
1243 971 1382 1049 ἡμῖν
1409 975 1602 1050 φοιτᾷ·
1654 975 1829 1031 τοῦτο
1853 972 1956 1047 μὲν

347 1062 477 1144 γὰρ,
505 1062 537 1122 6
562 1061 860 1139 Ἠριδανὸς
884 1059 1019 1120 αὐτὰ
1046 1062 1374 1142 κατηγορέει
1395 1059 1463 1120 τὸ
1491 1084 1706 1136 ουνομα
1732 1085 1808 1123 ως
1835 1061 1958 1119 ἔστι

350 1150 687 1226 Ἑλληνικὸν
713 1175 806 1209 και
833 1147 898 1208 οὗ
934 1147 1317 1227 βάρβαρον,ε
1283 1147 1394 1207 ‘vn-6
1429 1149 1670 1223 ποιητέω
1709 1147 1775 1207 δέ
1807 1173 1959 1210 τινος

350 1240 600 1316 ποιηθέν·
648 1242 815 1298 τοῦτο
852 1237 929 1308 δὲ,
964 1236 1184 1299 οὗδενός
1219 1233 1505 1295 αὐτόπτεω
1544 1237 1853 1317 γενομένου
1893 1234 1958 1296 οὗ

334 1326 588 1404 δύναμαι
639 1325 896 1395 οἷκοῦσαι,
947 1328 1118 1384 τοῦτο
1168 1327 1433 1401 μελετῶν,
1487 1349 1627 1386 οκως
1679 1323 1960 1384 θάλασσα’,

353 1419 477 1475 ἐστι
506 1414 578 1474 τοὶ
615 1414 866 1474 ἐπέκεινα
895 1416 998 1488 τῆς
1030 1411 1324 1490 Εὐρώπης·
1367 1412 1485 1481 ἐξ’
1459 1410 1707 1490 εσχοίτης
1739 1411 1788 1470 δ’
1823 1437 1900 1471 ων
1925 1410 1959 1473 ὅ

259 1505 374 1562 116
394 1527 454 1562 τε
481 1502 813 1578 κασσίτερος
837 1500 973 1576 ἡμῖν
1004 1504 1180 1580 φοιτᾷ
1205 1500 1298 1559 καὶ
1320 1496 1394 1559 τό
1425 1497 1712 1577 ἤλεκτρον.
1800 1499 1959 1578 Hp&-

351 1587 483 1648 δὲ’
448 1615 651 1666 αρκτου
690 1593 792 1664 τῆς
826 1587 1102 1665 Εὗρωπης
1134 1591 1336 1666 πολλῶ
1364 1612 1422 1647 τι
1447 1591 1720 1650 πλεῖστος
1743 1587 1960 1666 χρυσὸς

353 1678 610 1754 φαίνεται
665 1674 784 1734 ἐων·
840 1674 981 1740 ὅκως
1025 1679 1131 1753 μὲν
1175 1674 1509 1757 γινόμενος,
1535 1674 1636 1734 οὔκ
1679 1676 1790 1754 ἔχω
1833 1675 1960 1736 ουδὲ

351 1770 518 1826 τοῦτο
543 1763 810 1842 ἀτρεκέως
836 1763 1006 1824 εἶπαι·
1047 1766 1274 1846 λέγεται
1301 1763 1418 1823 δὲ
1385 1763 1477 1824 υπ’
1505 1768 1564 1822 ἐκ
1595 1767 1706 1822 τῶν
1729 1768 1961 1844 γρυπῶν

354 1853 618 1931 ἁρπάζειν
641 1851 1045 1931 Ἀριμασποῦς,
1075 1851 1280 1930 ἄνδρας
1303 1850 1801 1929 μουνοφθάλμους·
1841 1854 1961 1911 πεί-

356 1943 526 2019 θομαι
579 1940 640 2000 δὲ
690 1940 818 2000 οὐδὲ
861 1945 1048 2014 τοῦτο,
1099 1940 1238 2004 ὅκως
1281 1938 1720 2017 μουνόφθαλμοι
1764 1937 1962 2019 ἄνδρες

356 2028 610 2105 φύονται,
659 2028 839 2105 φύσιν
890 2031 1114 2110 ἔχοντες
1163 2028 1269 2104 τήν
1321 2027 1509 2103 ἄλλην
1559 2026 1760 2103 ὁμοίην
1804 2033 1962 2088 τοῖσι

353 2116 590 2178 ἄλλοισι
642 2116 1009 2196 ἀνθρώποισι.
1090 2119 1151 2176 αἱ
1192 2116 1263 2192 δη
1312 2141 1388 2175 ων
1435 2116 1715 2226 ἐσχατιαὶ
1749 2116 1959 2186 οἴκασι,

354 2206 781 2284 περικληιουσαι
831 2205 936 2282 τήν
988 2204 1176 2281 ἄλλην
1221 2229 1414 2285 χωρην
1458 2205 1551 2262 καὶ
1593 2202 1747 2267 ἐντός
1790 2203 1962 2283 οἷπέρ-

353 2321 575 2376 γουσαι,
603 2295 700 2355 τοὶ
715 2294 1001 2355 κάλλιστα
1041 2293 1304 2354 δοκέοντα
1334 2292 1471 2369 ἡμῖν
1510 2289 1666 2352 εἶναι
1683 2293 1777 2351 καὶ
1812 2318 1961 2352 σπα-

356 2409 594 2443 νιωτατα
626 2385 772 2462 ἔχειν
796 2408 978 2445 αυται.

269 2471 377 2531 117
450 2471 624 2531 ’Έστι
676 2472 737 2530 δὲ
789 2471 980 2530 πεδίον
1032 2474 1091 2530 ἐν
1136 2473 1209 2548 τῇ
1252 2467 1422 2547 Ἀσίῃ
1467 2467 1962 2546 περικεκληῖμένον

358 2557 508 2636 οὔρεϊ
531 2558 825 2629 πάντοθεν,
855 2558 1169 2640 διασφάγες
1208 2557 1268 2617 δὲ
1292 2561 1393 2616 τοῦ
1419 2554 1611 2634 οὕρεός
1637 2561 1750 2617 εἶσι
1774 2557 1960 2616 πέντε·

352 2650 523 2704 τοῦτο
547 2646 614 2705 τό
639 2646 830 2705 πεδίον
869 2645 940 2721 ἦν
968 2647 1073 2722 μέν
1109 2671 1236 2705 κοτε
1268 2651 1628 2723 Χορασμιων,
1658 2650 1715 2705 ἐν
1742 2642 1963 2721 οὔροισι

358 2732 450 2792 ἐόν
493 2736 602 2792 τῶν
654 2734 999 2809 Χορασμίων
1039 2759 1103 2793 τε
1128 2733 1324 2793 αὐτῶν
1370 2734 1462 2792 καὶ
1501 2732 1821 2810 ’Υρκανίωη
1870 2732 1962 2790 καὶ

362 2819 620 2898 Πάρθων,
662 2821 755 2878 καὶ
795 2821 1148 2901 Σαραγγέων,
1191 2848 1284 2881 και
1323 2821 1698 2898 Θαμαναιων·
1738 2820 1868 2879 ἐπεί
1898 2844 1962 2880 τε

357 2908 417 2966 δὲ
460 2909 684 3018 Πέρσαι
732 2910 928 2986 ἔχουσι
971 2907 1038 2967 τό
1084 2908 1300 2986 κράτος,
1351 2910 1474 2969 ἔστι
1514 2914 1616 2967 τοῦ
1660 2907 1960 2984 βασιλέος.

358 2999 419 3052 ἐκ
431 2994 526 3068 δή
569 2995 643 3053 ὦν
675 3000 776 3053 τοῦ
806 2995 1230 3071 περικληὶοντος
1261 3020 1451 3073 ουρεος
1480 2988 1685 3056 τούτου
1715 2997 1830 3072 ῥέει
1860 3022 1939 3056 πο

354 3080 531 3154 ταμός
560 3081 751 3160 μέγας,
790 3079 998 3157 οὔνομα
1038 3081 1102 3140 δε
1140 3085 1194 3138 οῖ
1235 3085 1360 3142 ἐστὶ
1387 3081 1586 3159 ”·Ακης
1628 3109 1791 3147 ουτος
1827 3083 1961 3159 πρό-

354 3168 526 3239 τερον
561 3167 665 3239 μὲν
711 3165 985 3242 ἄρδεσκε,
1011 3167 1473 3245 διαλελαμμένος·
1500 3176 1802 3249 πενταχοῦ,
1850 3175 1962 3230 τῶν

358 3251 653 3324 εἷρημένων
667 3251 876 3311 τούτων
893 3251 994 3314 τὰς
1017 3252 1218 3332 χώρας,
1235 3255 1327 3315 διὰ
1349 3256 1670 3337 διασφάγος
1687 3257 1965 3337 ἀγόμενος
