2184 3517
352 62 502 132 2-6]
1069 69 1296 121 ΚΔΕῙΩ.
1920 76 1953 124 8

346 145 479 211 τούς
512 151 576 207 ἐκ
612 149 717 223 τῆς
743 146 959 223 Ἀσίης,
990 148 1230 229 λέγουσι
1268 149 1496 227 Πέρσαι
1530 148 1951 228 ἁρπαζομενέων

346 236 458 293 τῶν
493 236 769 314 γυναικῶν
807 233 985 315 λόγον
1024 234 1220 296 οὐδένα
1258 235 1635 312 ποιήσασθαι·
1664 238 1955 314 Ἕλληνας

350 320 409 380 δὲ
452 321 893 397 Λακεδαιμονίης
947 322 1149 383 εἵνεκεν
1194 323 1454 403 γυναικός
1507 322 1720 384 στόλον
1771 327 1951 408 μέγαν

350 412 692 488 συναγεῖραι,
727 410 820 467 καὶ
857 410 1047 470 ἔπειτα
1081 409 1348 474 ἐλθόντας
1382 415 1439 474 ἐς
1472 410 1576 487 τὴν
1610 409 1813 488 Ἀσίην
1847 413 1953 490 τήν

346 494 614 577 Πριᾷμου
654 494 885 572 δύναμιν
925 500 1198 558 κατελεῖν.
1279 496 1394 558 ἇπὸ
1432 495 1634 558 τούτου
1670 500 1776 558 αἰεὶ
1810 499 1949 582 ἡγή-

349 582 568 642 σασθαι
605 608 674 641 το
706 580 1044 660 Ἑλληνικον
1075 584 1255 661 σφίσι
1295 584 1434 645 εἶναι
1471 585 1765 662 πολέμιον.
1845 588 1951 664 τὴν

346 695 457 749 γαρ
482 668 688 745 Ἀσίην
720 670 812 729 καὶ
845 695 919 730 τα
951 673 1261 733 ἐνοικέοντα
1296 672 1456 732 ἔθνεα
1487 670 1765 749 βαρβαρα
1790 674 1974 757 ningit-l

351 760 533 816 εῦνται
559 759 615 816 οἶ
643 757 884 833 Πέρσαι,
904 758 1009 834 τὴν
1028 758 1087 818 δὲ
1113 757 1387 836 Εὐρώπην
1404 757 1498 818 καὶ
1519 757 1588 820 τὰ
1615 758 1951 838 Ἑλληνικόν

347 842 585 953 ἥῃνται
608 844 968 955 κεχωρίσθαι.

431 929 594 991 Οὕτω
631 933 738 1007 μὲν
776 932 1012 1012 λέγουσι
1046 931 1330 1013 γενέσθαι,
1364 931 1458 992 καὶ
1496 931 1588 993 δια
1624 932 1730 1010 τήν
1765 932 1941 994 Ἰλίου
1968 937 2007 993 5

342 1014 564 1080 ἅλωσιν
612 1016 939 1095 ευρίσκουσι
986 1019 1165 1096 σφίσι
1212 1024 1420 1080 ἐοῦσαν
1463 1018 1570 1094 τήν
1621 1018 1808 1098 ἀρχὴν
1843 1025 1951 1097 τῆς

348 1104 548 1183 ἔχθρης
573 1107 679 1180 τῆς
704 1109 759 1168 ἐς
783 1104 913 1168 τοῦς
926 1103 1237 1181 Ἕλληνας.
1316 1106 1447 1182 περὶ
1471 1105 1532 1164 δὲ
1557 1109 1658 1182 τῆς
1682 1105 1825 1171 Ἰοῦς
1851 1108 1951 1167 οὐκ

346 1189 728 1272 ὁμολογέουσι
746 1191 1013 1271 Πέρσῃσι
1028 1192 1171 1252 οὕτω
1185 1191 1451 1256 Φοίνικες.
1506 1190 1572 1252 οὗ
1590 1190 1703 1272 γὰρ
1722 1192 1957 1275 ἁρπαγῇ

346 1278 533 1354 σφέας
555 1280 948 1357 χρησαμένους
973 1279 1211 1359 λέγουσι
1241 1278 1473 1361 ἀγαγεῖν
1500 1276 1674 1355 αὐτὴν
1701 1283 1758 1343 ἐς
1781 1283 1950 1361 Αἴγυ-

344 1389 506 1436 πτον,
536 1364 673 1424 ἀλλ’
703 1364 776 1430 ὥς
815 1371 875 1426 ἐν
907 1369 985 1447 τῷ
1013 1365 1213 1448 Ἀργεῖ
1247 1366 1513 1448 ἐμίσγετο
1547 1370 1628 1446 τῷ
1658 1367 1949 1447 ναυκλήρῳ

343 1455 449 1528 τῆς
485 1451 627 1516 νεός·
668 1453 788 1511 ἐπεὶ
828 1452 888 1513 δὲ
935 1454 1139 1530 ἔμαθεν
1183 1454 1376 1534 ἔγκυος
1424 1456 1613 1523 ἐοῦσα,
1655 1454 1944 1531 αἰδεομένη

342 1536 478 1602 τούς
506 1540 705 1602 τοκέας
741 1538 883 1599 οὕτω
918 1539 987 1616 δή
1024 1539 1324 1615 ἐθελοντήν
1351 1538 1527 1615 αὐτὴν
1553 1545 1709 1602 τοῖσι
1734 1541 1946 1611 Φοίνιξι

343 1628 766 1697 σιηῖεκπλῶσαι,
793 1624 866 1690 ὦς
895 1623 967 1687 ἂν
993 1625 1076 1704 μὴ
1105 1626 1418 1705 κατάδηλος
1446 1627 1691 1708 γένηται.
1770 1632 1949 1690 ταῦτα

340 1714 452 1790 μέν
469 1739 569 1774 νυν
588 1714 814 1793 Πέρσαι
837 1739 902 1775 τε
922 1714 1016 1774 καὶ
1040 1712 1290 1778 Φοίνικες
1315 1715 1568 1796 λέγουσι·
1604 1713 1712 1796 ἐγώ
1739 1713 1798 1774 δὲ
1818 1716 1947 1794 περὶ

340 1801 452 1877 μὲν
468 1799 682 1862 τούτων
700 1800 802 1862 οὐκ
828 1803 1062 1881 ἔρχομαι
1089 1802 1253 1878 ἐρέων
1272 1801 1345 1865 ὥς
1371 1800 1541 1866 οὕτως
1565 1799 1602 1878 ἢ
1630 1799 1818 1865 ἄλλως
1843 1827 1950 1869 κως

340 1913 525 1948 ταυτα
548 1889 786 1969 ἐγένετο·
820 1889 921 1950 τόν
947 1888 1008 1948 δὲ
1035 1888 1162 1948 οἶδα
1187 1886 1357 1953 αὗτος
1378 1913 1600 1967 πρωτον
1625 1887 1947 1966 υπιίρξαντα

341 1973 605 2037 α’,δίκων”
575 2001 749 2056 εργων
774 1981 830 2040 ἐς
847 2001 981 2040 τους
992 1975 1281 2052 Ελληνας
1297 1979 1499 2037 τοῦτον
1523 1974 1794 2054 σημῄνας,
1810 2002 1947 2054 προ-

339 2061 674 2140 βήσομαι
647 2088 703 2125 ες
739 2062 808 2123 τὰ
838 2062 1037 2140 πρόσω
1069 2066 1172 2125 τοῦ
1204 2060 1383 2144 λόγου
1418 2061 1621 2140 ομοίως
1653 2088 1827 2139 μικρα
1855 2064 1948 2123 καὶ

339 2148 635 2231 μεγάλα”
598 2174 777 2210 αστεα
804 2149 1107 2227 ἀνθρώπων
1134 2149 1380 2220 ἐπεξιών.
1438 2148 1512 2210 τοὶ
1535 2148 1648 2230 γοὶρ
1673 2149 1741 2209 τὰ
1768 2149 1948 2209 πάλαι

340 2235 644 2316 μεγάλα’
606 2262 694 2313 ην,
724 2236 799 2297 τιὶ
830 2236 1027 2297 πολλοὶ
1063 2235 1243 2297 αὐτῶν
1277 2260 1491 2314 σμικρα
1523 2237 1740 2317 γέγονε·
1778 2260 1852 2296 τα
1885 2235 1947 2295 δὲ

344 2322 432 2382 ἐπ’
453 2327 586 2400 ἐμεῦ
609 2322 681 2400 ἦν
692 2323 936 2406 μεγαλα,
956 2324 1231 2401 πρότερον
1255 2321 1327 2399 ἦν
1351 2346 1583 2400 σμικρα·
1616 2321 1721 2397 τήν
1740 2320 1947 2399 ἅνθρω-

342 2411 519 2486 πηΐην
544 2409 620 2471 ὧν
644 2409 1010 2489 ἐπιστάμενος
1037 2409 1387 2486 εὐδαιμονίην
1418 2407 1633 2484 ουδαμιὶ
1671 2412 1730 2468 ἐν
1760 2406 1948 2488 τώυτῷ

341 2497 646 2573 μένουσαν,
674 2497 1054 2574 ἐπιμνήσομαι
1078 2495 1413 2574 ἀμφοτέρων
1439 2494 1659 2573 ὁμοιως.

428 2587 682 2661 Κροῖσος
711 2583 784 2659 ἦν
813 2583 993 2647 Λυδὰς
1026 2586 1133 2661 μὲν
1166 2585 1326 2664 γένος
1359 2586 1492 2646 παῖς
1524 2582 1584 2642 δὲ
1607 2580 1938 2651 Ἀλυάττεω,
1969 2582 2005 2641 6

342 2668 611 2746 τύραννος
648 2671 709 2730 δὲ
748 2671 946 2733 ἐθνέων
982 2673 1095 2732 τῶν
1134 2669 1288 2734 ἐντὸς
1315 2669 1530 2733 Ἀλυος
1566 2671 1842 2745 ποταμοῦ·
1883 2668 1945 2731 ὃς

343 2758 487 2836 ῥέων
516 2756 628 2818 <ivd
658 2758 1021 2835 μεσαμβρίης
1049 2756 1260 2835 μεταξι)
1293 2757 1484 2834 Σύρων
1509 2757 1602 2816 καὶ
1625 2753 1945 2835 Παφλαγόὶ

346 2870 473 2916 νων,
500 2844 632 2915 ἐξίει
655 2845 795 2922 πρὸς
816 2847 1003 2922 βορῆν
1029 2843 1233 2922 ἄνεμον
1259 2848 1315 2908 ἐς
1338 2843 1439 2904 τᾶν
1462 2842 1723 2913 Εὔξεινον
1749 2840 1944 2900 καλεό-

256 2950 271 2963 '
342 2957 519 3010 μενον
555 2931 780 2993 πόντον·
821 2930 982 2996 οὗτος
1017 2931 1051 2993 ὅ
1088 2934 1341 3008 Κροῖσος
1377 2928 1692 3007 βαρβάρων
1725 2930 1944 3002 πρῶτος

344 3045 458 3080 των
482 3017 688 3096 ἤμεῖςι
666 3018 824 3096 ἴδμεν
846 3044 977 3082 τους
1000 3020 1107 3095 μὲν
1134 3018 1551 3095 κατεστρέψατο
1573 3011 1917 3088 Ἑλλήνων’
1889 3038 1946 3077 ες

347 3105 533 3184 φόρου
571 3104 892 3187 ἀπαγωγῆν,
926 3130 1057 3168 τους
1096 3105 1172 3172 δὲ,
1216 3103 1421 3180 φίλους
1457 3098 1938 3177 προσεποιήσατο.

345 3193 789 3274 (κατεστρέψατο
803 3217 908 3270 μεν
921 3189 1116 3252 Ἴωνας
1130 3214 1193 3249 τε
1213 3212 1306 3247 και
1284 3187 1576 3254 Αἰολέας,
1594 3185 1686 3244 καὶ
1701 3185 1944 3262 Δωριέας
