2184 3517
248 89 474 155 44-48]
923 91 1194 141 eAAmA.
1752 96 1850 145 223

249 173 369 230 τῶν
401 168 699 229 κατιόντων
732 168 974 245 Σαμίων,
1009 167 1207 230 ἐόντων
1238 170 1460 252 ὀλίγων,
1494 173 1861 253 ἑσσωθῆναι.)

253 260 370 318 τῶν
396 256 457 316 δὲ
479 254 572 316 ὑπ’
595 259 773 335 ἑωυτῷ
798 254 999 317 ἐόντων
1017 257 1330 333 πολιητέων
1353 257 1425 318 τοὶ
1450 259 1616 319 τέκνα
1644 260 1735 318 καὶ
1758 259 1861 324 τὰς

258 348 527 425 γυναῖκας
554 342 585 404 ὅ
612 342 984 421 Πολυκράτης
1010 348 1066 408 ἐς
1094 343 1225 409 τούς
1251 345 1577 409 νεωσοίκους
1602 346 1859 424 συνειλή-

259 458 391 501 σας,
437 431 554 512 εἶχε
598 432 864 510 ἑτοίμους,
906 429 978 508 ἦν
1023 430 1133 510 ἄρα
1178 433 1485 509 προδιδῶσι
1528 432 1684 494 οὗτοι
1721 434 1863 511 πρὸς

255 519 392 583 τοῦς
413 518 718 590 κατιόντας,
733 518 1064 595 ύποπρῆσαι
1081 518 1306 585 αὐτοῖσι
1321 525 1476 580 τοῖσι
1490 523 1859 583 νεωσοίκοισι.

340 606 508 668 Ἐπεί
536 633 600 668 τε
638 607 700 667 δὲ
740 610 795 667 οἱ
833 606 1227 677 ἐξελασθέντες
1268 608 1492 685 Σαμίων
1526 608 1636 669 ὖπό
1672 614 1859 669 Πολυ-
1877 612 1955 671 46

254 694 489 771 κράτεος
519 695 784 757 ἀπίκοντο
821 699 877 759 ἐς
910 693 1016 770 τήν
1052 694 1334 771 Σπάρτην,
1363 696 1737 759 καταστάντες
1769 700 1861 758 ἐπὶ

258 782 394 846 τοῦς
421 782 699 862 ἄρχοντας
724 784 919 863 ἔλεγον
945 782 1158 852 πολλοὶ,
1187 782 1279 842 οἷα
1304 784 1479 862 κάρτα
1506 784 1773 862 δεόμενοι·
1806 788 1860 846 οἱ

226 919 229 924 ,
259 869 327 929 δέ
360 876 475 947 σφι
508 875 580 950 τῇ
621 869 812 949 πρώτῃ
849 868 1196 931 καταστάσει
1229 869 1608 948 ὑπεκρίναντο,
1640 872 1712 932 τοὶ
1752 876 1861 950 μὲν

256 962 455 1035 πρῶτα
480 959 755 1037 λεχθέντα
782 958 1173 1033 ἐπιλεληθέναι
1200 958 1272 1018 ταῖ
1299 958 1359 1018 δὲ
1383 957 1591 1036 ὕστερα
1617 958 1682 1019 ού
1708 986 1860 1030 συνι-

259 1046 401 1105 έναι.
467 1047 612 1123 μετοῖ
638 1045 698 1105 δὲ
722 1049 913 1117 ταῦτα,
934 1045 1162 1123 δεύτερα.
1187 1045 1561 1109 καταστάντες
1583 1045 1732 1106 ἄλλο
1754 1051 1861 1124 μὲν

261 1133 424 1194 εἶπον
464 1133 636 1205 οὐδὲν,
679 1134 923 1194 θύλακον
967 1133 1027 1193 δὲ
1067 1135 1331 1211 φέροντες
1371 1136 1594 1244 ἔφασαν
1632 1134 1731 1194 τόν
1770 1135 1862 1196 θύ-

257 1224 442 1282 λακον
482 1219 738 1298 άλφίτων
778 1221 1022 1282 δέεσθαι·
1066 1224 1120 1281 οἱ
1151 1222 1215 1281 δέ
1244 1229 1356 1299 σφι
1390 1220 1749 1299 ὑπεκρίναντο
1782 1227 1861 1303 τῷ

259 1308 488 1390 θυλάκῳ
513 1308 932 1392 περιεργάσθαι·
972 1309 1236 1386 βοηθέειν
1263 1308 1309 1369 δ’
1336 1335 1409 1370 ων
1442 1309 1591 1379 ἔδοξε
1618 1308 1859 1370 αὐτοῖσι.

252 1396 441 1456 Καὶ”’
412 1423 599 1458 επειτα
636 1396 1201 1475 παρασκευασάμενοι
1241 1396 1638 1476 ἐστρατεύοντο
1677 1403 1853 1457 Λακε-
1871 1399 1947 1460 47

258 1484 589 1562 δαιμόνιοι’
564 1512 656 1545 επι
681 1485 893 1563 Σάμον·
935 1512 1007 1549 ως
1029 1487 1135 1562 μὲν
1159 1485 1363 1564 Σάμιοι
1388 1486 1624 1567 λέγουσι
1650 1484 1859 1566 εὐεργε-

258 1572 392 1635 σίας
418 1573 733 1643 ἐκτίνοντες,
761 1572 848 1633 ὅτι
874 1578 988 1649 σφι
1013 1572 1277 1651 πρότεροι
1308 1572 1465 1634 αὐτοὶ
1491 1574 1657 1651 νηυσὶ
1693 1573 1860 1650 ἐβοή-

256 1659 449 1736 θησαν
468 1660 559 1720 ἐπὶ
578 1661 959 1737 Μεσσηνίους·
988 1660 1060 1725 ὥς
1085 1661 1146 1721 δὲ
1162 1661 1589 1739 Λακεδαιμόνιοι
1607 1662 1859 1743 λέγουσι,

259 1747 366 1807 οὐκ
400 1747 541 1808 οὕτω
569 1753 886 1827 τιμωρῆσαι
918 1749 1233 1827 δεομένοισι
1268 1750 1534 1826 Σαμίοισι
1571 1749 1859 1825 ἐστρατεύ-

252 1861 412 1905 ,om-0,
458 1834 530 1900 ὥς
571 1837 847 1897 τίσασθαι
898 1835 1244 1914 βουλόμενοι
1287 1842 1389 1898 τοῦ
1434 1841 1708 1914 κρητῆρος
1758 1840 1861 1913 τῆς

252 1922 520 2005 ἁρπαγῆς
561 1923 663 1985 τόν
707 1924 850 2006 ἦγον
896 1924 1146 2004 Κροίσω,
1188 1926 1281 1985 καὶ
1324 1929 1425 1986 τοῦ
1472 1925 1717 2002 θώρηκος
1759 1925 1861 1986 τὸν

252 2009 488 2078 αὖτοῖσι
501 2010 803 2089 Ἄμασις
771 2039 802 2072 ο
824 2011 1112 2093 Αἰγύπτου
1136 2013 1415 2089 βασιλεῦς
1434 2014 1647 2092 ἔπεμψε
1667 2013 1858 2091 δῶρον·

259 2099 358 2158 καὶ
395 2098 507 2180 γὰρ
544 2100 767 2177 θωρηκα
808 2100 1108 2176 ἐληισαντο
1146 2103 1224 2180 τῷ
1256 2102 1507 2180 προτέρω
1540 2102 1648 2161 ἔτεϊ
1684 2099 1721 2177 ἢ
1759 2100 1860 2163 τόν

254 2191 514 2265 κρητῆρα
550 2190 606 2247 οῖ
641 2186 914 2265 Σάμιοι,’
888 2186 1050 2248 εόντα
1083 2214 1187 2266 μεν
1217 2190 1404 2249 λίνεον
1437 2190 1528 2247 καὶ
1565 2187 1711 2266 ζῴων
1744 2193 1860 2249 ἐνυ-

263 2275 574 2353 φασμένων
633 2279 872 2354 συχνῶν,
927 2277 1344 2354 κεκοσμημένον
1402 2274 1462 2334 δὲ
1523 2280 1717 2354 χρυσῷ
1769 2278 1862 2335 καὶ

262 2363 497 2439 εἰρίοισι
525 2361 639 2422 άπό
672 2363 865 2433 ξύλου.
930 2367 1042 2424 τῶν
1067 2364 1129 2423 δὲ
1164 2362 1343 2424 εἵνεκα
1380 2360 1673 2438 θωυμάσαι
1708 2361 1863 2433 ἄξιον

259 2450 545 2527 ἁρπεδόνη
590 2450 800 2527 ἑκάστη
840 2454 941 2511 τοῦ
984 2450 1230 2528 θώρηκος
1280 2451 1475 2511 ποιέει·
1530 2452 1703 2509 ἐοῦσα
1753 2450 1861 2531 γὰρ

256 2537 464 2614 λεπτὴ,
494 2540 610 2618 ἔχει
633 2537 938 2616 ἁρπεδόνας
974 2543 1033 2600 ἐν
1064 2542 1235 2617 ἑωυτῇ
1258 2537 1582 2615 τριηκοσίας
1616 2536 1708 2596 καὶ
1743 2538 1860 2614 ἑξή-

250 2652 435 2692 ,κοντα
465 2627 654 2691 πάσας
681 2626 943 2704 φανεράς.
1009 2631 1260 2691 τοιοῦτος
1287 2626 1469 2705 ἕτερός
1494 2631 1618 2688 ἐστι
1642 2627 1733 2687 καὶ
1761 2626 1863 2688 τᾶν

261 2719 327 2775 ἐν
349 2715 532 2795 Λίνδῳ
557 2714 790 2792 ἀνέθηκε
812 2720 884 2795 τῇ
907 2715 1177 2796 Ἀθηναίῃ
1194 2716 1460 2795 Ἀμασις.

346 2804 814 2880 Συνεπελάβοντο
879 2804 939 2864 δὲ
989 2808 1090 2865 τοῦ
1142 2804 1557 2884 στρατεύματος
1612 2810 1714 2866 τοῦ
1770 2806 1860 2866 ἐπὶ
1878 2806 1955 2866 48

246 2889 478 2968 .Σάμον,
535 2890 682 2952 ὥστε
732 2893 1012 2973 γενέσθαι,
1068 2892 1162 2951 καὶ
1215 2893 1505 2970 Κορίνθιοι
1547 2893 1859 2970 προθύμως.

230 2978 527 3057 ,ὕβρισμα
567 2979 678 3060 γὰρ
722 2982 815 3040 καὶ
861 2986 917 3045 ἐς
957 2978 1187 3043 τούτους
1230 2980 1345 3060 εἶχε
1387 2985 1447 3040 ἐκ
1488 2983 1599 3040 τῶν
1638 2980 1862 3055 Σαμίων

245 3067 567 3147 ,γενόμενον
590 3071 755 3148 γενεῇ
779 3066 1052 3146 πρότερον
1073 3071 1176 3127 τοῦ
1208 3066 1621 3145 στρατεύματος
1643 3066 1860 3127 τούτου·

261 3153 433 3236 [κατὰ
460 3154 531 3231 δὴ
559 3154 659 3216 τὸν
685 3154 853 3216 αὐτὸν
876 3155 1082 3233 χρόνον
1107 3158 1208 3215 τοῦ
1244 3158 1516 3232 κρητῆρος
1539 3157 1611 3233 τῇ
1638 3154 1863 3235 ἁρπαγῇ

261 3241 541 3325 γεγονός]
608 3244 964 3321 Κερκυραίων
996 3241 1110 3324 γὰρ
1147 3242 1350 3306 παῖδας
1386 3243 1737 3319 τριηκοσίους
1769 3240 1863 3304 άν-
