2184 3517
327 123 393 171 92
630 131 635 135 ·
941 123 1310 173 ἭΡοΔοΤοτ
1744 148 1754 166 κ
1862 125 1938 189 [1.

325 201 495 263 αὖτόν
518 202 694 284 λόγον
717 207 795 282 τῷ
818 204 1006 283 τείχεϊ,
1037 207 1205 264 τοῦτο
1232 203 1292 264 δὲ
1319 204 1461 264 κατὰ
1490 205 1677 282 μέσην
1701 231 1802 265 κου
1827 205 1940 283 μα’-

324 293 500 350 λιστα
529 290 633 366 τὴν
668 290 855 362 πόλιν,
892 295 1047 350 τοῖσι
1078 292 1297 351 λίθοισι
1331 291 1462 355 τοῦς
1495 291 1743 369 ὠρύξατο
1787 296 1939 353 οἷκο-

327 377 491 455 δόμεε
529 379 784 459 γέφυραν
825 379 1031 438 δέουσα
1071 379 1201 441 τούς
1244 380 1439 442 λίθους
1483 379 1696 459 σιδήρῳ
1734 405 1798 440 τε
1839 382 1939 441 καὶ

323 467 617 546 μολύβδῳ.
701 467 1038 526 ἐπιτείνεσκε
1065 467 1125 525 δὲ
1146 466 1228 525 ἐπ’
1250 466 1438 542 αὐτὴν,
1462 466 1602 530 ὅκως
1624 471 1728 544 μὲν
1747 467 1938 547 ἡμέρη

320 555 555 636 γένοιτο,
584 555 728 624 ξύλα
764 552 1083 636 τετράγωνα
1125 553 1209 613 ἐπ’
1237 551 1312 614 ὦν
1342 554 1448 630 τὴν
1474 555 1748 631 διάβασιν
1782 560 1938 616 ἐποι-

323 646 481 702 εῦντο
513 645 567 701 οἱ
599 641 977 718 Βαβυλώνιοι·
1016 641 1119 705 τσῖς
1156 641 1229 711 δὲ,
1251 639 1452 705 νύκτας
1475 641 1550 702 τοὶ
1574 641 1719 712 ξύλα
1752 647 1937 705 ταῦτα

321 728 693 807 ἀπαιρέεσκον
725 730 890 790 τοῦδε
923 729 1121 801 εἵνεκα,
1150 731 1239 789 ἵνα
1268 728 1351 806 μὴ
1384 730 1796 806 διαφοιτέοντες
1828 730 1937 795 τοὶς

320 816 519 881 νύκτας
546 818 839 879 κλέπτοιεν
857 816 988 895 παρ’
1009 817 1298 894 ἀλλήλων.
1354 817 1426 881 ὥς
1445 818 1505 877 δὲ
1523 817 1591 879 τό
1608 843 1671 879 τε
1691 817 1935 898 ὀρυχθὲν

320 907 492 983 λίμνη
516 904 740 987 πλήρης
764 905 1013 987 ἐγεγόνεε
1039 905 1149 966 ὗπό
1170 908 1272 966 τοῦ
1297 909 1555 982 ποταμοῦ
1583 907 1677 966 καὶ
1701 906 1774 967 τὰ
1800 908 1934 984 περὶ

317 993 422 1069 τὴν
444 995 699 1076 γέφυραν
725 993 1086 1070 ἐκεκόσμητο,
1114 994 1214 1055 τᾶν
1243 992 1555 1071 Εὐφρήτην
1589 993 1850 1072 ποταμὸν
1875 1001 1934 1059 ἐς

318 1081 392 1143 τὰ
418 1081 628 1161 ἀρχαῖα
663 1083 864 1160 ῥέεθρα
900 1087 961 1141 ἐκ
994 1085 1099 1158 τῆς
1134 1081 1339 1159 λίμνης
1365 1081 1625 1164 ἐξήγαγε·
1667 1083 1760 1142 καὶ
1787 1081 1933 1144 οὕτω

326 1169 389 1231 τὰ
414 1170 649 1251 ὀρυχθὲν
675 1172 804 1234 ἕλος
836 1169 1136 1252 γενόμενον
1162 1174 1218 1232 ἐς
1244 1169 1368 1229 δέον
1404 1169 1588 1230 ἐδόκεε
1620 1171 1929 1252 γεγονέναι,

325 1259 418 1318 καὶ
442 1263 596 1318 τοῖσι
619 1258 929 1339 πολιήτῃσι
955 1259 1179 1342 γέφυρα
1202 1257 1274 1334 ἦν
1300 1259 1810 1335 κατεσκευασμένη.

228 1348 342 1407 187
411 1346 487 1406 H
511 1347 556 1406 δ’
575 1346 714 1423 αυτῆ
732 1346 870 1422 αὕτη
886 1347 1167 1423 βασίλεια
1193 1347 1287 1406 καὶ
1314 1345 1534 1423 ἀπάτην
1557 1345 1777 1423 τοιήνδε
1800 1373 1929 1408 τινα

320 1434 737 1513 ἐμηχανήσατο·
776 1434 916 1512 υπὲρ
948 1437 1059 1494 τῶν
1088 1433 1348 1511 μάλιστα
1380 1434 1682 1514 λεωφόρων
1707 1436 1932 1498 πυλέων

318 1527 419 1582 τοῦ
466 1547 670 1585 αστεος
713 1521 898 1598 τάφον
939 1525 1113 1600 εωυτῇ
1160 1521 1613 1583 κατεσκευάσατο
1651 1523 1930 1603 μετέωρον

319 1613 597 1686 ἐπιπολῆς
633 1608 838 1670 αὐτέων
867 1613 979 1670 τῶν
1009 1610 1251 1673 πυλέων·
1306 1610 1612 1689 ἐνεκόλαψε
1642 1611 1762 1672 δὲ’
1735 1637 1791 1675 ες
1825 1610 1927 1673 τᾶν

316 1698 502 1775 τάφον
530 1697 836 1780 γράμματα
867 1698 1111 1779 λέγοντα
1140 1697 1293 1758 τάδε·
1350 1704 1510 1758 ΤΩΝ
1546 1700 1672 1764 ΤΙΣ
1705 1705 1927 1760 ΕΜΕΥ

317 1786 689 1852 ιΥΣΤΕΡΟΝ
740 1791 1218 1846 ΓΙΝΟΜΕΝΩΝ
1263 1788 1735 1853 ΒΑΒΥΛΩΝΟΣ
1798 1794 1928 1848 ΒΑ-

321 1877 613 1940 ΣΙΛΕΩΝ
640 1880 757 1934 ΗΝ
794 1875 1183 1939 ΣΠΑΝΙΣΗῙ
1219 1880 1677 1947 ΧΡΗΜΑΤΩΝ,
1703 1880 1927 1936 ΑΝΟῙ·

318 1963 469 2028 EA}
504 1968 665 2022 TON
693 1968 960 2023 ΤΑΦΟΝ
994 1968 1303 2022 ΛΑΒΕΤΩ
1328 1962 1615 2028 ὈΚΟΣΑ
1642 1969 1927 2025 ΒΟΥΛΕ-

321 2056 449 2110 ΤΑῙ
486 2057 887 2111 ΧΡΗΜΑΤΑ.
969 2057 1096 2111 ΜΗ
1128 2056 1435 2112 ΜΕΝΤΟῙ
1460 2057 1558 2110 ΓΕ
1585 2058 1709 2112 ΜΗ
1740 2054 1928 2117 ΣΠΑ·

324 2140 562 2205 ΝῙΣΑΣ
591 2145 705 2211 ΓΕ,
733 2141 994 2205 ΑΛΛΩΣ
1023 2141 1379 2203 ΑΝΟῙΞΗῙ·
1409 2145 1513 2199 ΟΥ
1531 2145 1678 2200 ΓΑΡ
1699 2145 1924 2200 ΑΜΕῙ·

324 2233 516 2288 ΝΟΝ.
598 2225 759 2291 οὗτος
799 2226 832 2288 ὅ
872 2226 1057 2304 τάφος
1108 2225 1180 2304 ἦν
1232 2226 1488 2304 ἀκίνητος
1538 2229 1708 2307 μέχρι
1759 2226 1824 2288 οὗ
1870 2233 1928 2292 ἐς

321 2320 561 2395 Δαρεῖον
591 2317 865 2394 περιῆλθε
890 2315 926 2391 ἦ
946 2314 1251 2393 βασιληίη·
1294 2317 1513 2395 Δαρείῳ
1539 2317 1601 2376 δὲ
1627 2316 1720 2375 καὶ
1747 2315 1928 2377 δεινὸν

319 2405 503 2466 ἐδόκεε
544 2405 682 2467 εἶναι
718 2409 857 2483 τῇσι
893 2404 1116 2483 πύλῃσι
1145 2403 1387 2483 ταύτῃσι
1424 2404 1598 2481 μηδὲν
1635 2404 1926 2483 χρέεσθαι,

319 2494 412 2552 καὶ
449 2492 750 2574 χρημάτων
790 2493 1050 2569 κειμένων
1086 2492 1180 2551 καὶ
1216 2491 1394 2552 αὗτῶν
1429 2491 1563 2574 [τῶν
1601 2492 1927 2575 χρημάτων]

319 2582 775 2656 ἐπικαλεομένων,
801 2581 883 2657 μὴ
922 2579 986 2641 οὗ
1011 2582 1220 2657 λαβεῖν
1246 2580 1403 2640 αὐτά·
1445 2586 1581 2660 τῇσι
1615 2582 1674 2641 δὲ
1708 2580 1929 2659 πύλῃσι

319 2674 559 2747 ταῦτῃσι
584 2667 741 2728 οὐδὲν
768 2672 973 2747 ἐχρᾶτο
992 2668 1154 2728 τοῦδε
1175 2668 1370 2739 εἵνεκα,
1398 2667 1486 2729 ὅτι
1509 2668 1650 2748 ὖπέρ
1672 2673 1929 2745 κεφαλῆς

319 2760 376 2818 οἱ
416 2756 626 2838 ἐγίνετο
667 2755 700 2815 ὁ
744 2755 933 2832 νεκρός
975 2754 1398 2827 διεξελαύνοντι·
1455 2756 1678 2827 ἀνοίξας
1717 2757 1778 2817 δὲ
1827 2757 1930 2818 τᾶν

318 2843 518 2921 τάφον,
563 2841 687 2922 εἶρε
729 2843 994 2924 χρήματα
1042 2848 1149 2922 μὲν
1199 2843 1281 2915 οὔ,
1321 2843 1422 2904 τόν
1463 2844 1524 2903 δὲ
1573 2844 1784 2923 νεκρόν,
1832 2846 1930 2905 καὶ

317 2932 625 3015 γράμματα
651 2933 894 3015 λέγοντα
916 2933 1068 2994 τάδε·
1110 2939 1191 2992 ΕΙ
1218 2937 1343 2992 ΜΗ
1372 2934 1801 2999 ΑΠΛΗΣΤΟΣ
1828 2939 1927 2992 ΤΕ

322 3022 475 3086 ΕΑΣ
496 3025 935 3082 ΧΡΗΜΑΤΩΝ
952 3027 1091 3080 KAI
1110 3020 1740 3093 ΑΙΣΧΡΟΚΕΡΔΗΣ,
1764 3026 1929 3081 ΟΥΚ

319 3114 430 3169 ΑΝ
472 3114 798 3169 ΝΕΚΡΩΝ
846 3109 1117 3173 ΘΗΚΑΣ
1162 3109 1574 3173 ΑΝΕΩΙΓΕΣ·
1636 3107 1776 3186 αὕτη
1821 3109 1930 3186 μέν

318 3222 417 3258 νυν
439 3195 477 3273 ἦ
504 3199 784 3273 βασίλεια
806 3195 1036 3271 τοιαύτη
1061 3220 1147 3258 τις
1171 3194 1398 3275 λέγεται
1421 3196 1706 3275 γενέσθαι.

227 3288 344 3346 188
453 3283 524 3343 ‘O
567 3285 646 3343 δὲ
667 3283 736 3360 δὴ
779 3282 969 3360 Κύρος
1011 3283 1106 3341 ἐπὶ
1145 3281 1350 3357 ταύτης
1387 3285 1490 3358 τῆς
1528 3282 1788 3359 ιγυναικός
1825 3284 1931 3345 τόν
