2184 3517
306 118 588 184 loo-172]
883 123 1332 174 ΜΕΛΠΟΜΕΝΗ.
1811 133 1903 178 349

302 199 359 257 οἳ
372 198 597 275 νόμοισι
614 202 719 276 μὲν
742 202 811 260 τοὶ
839 204 993 260 πλέω
1015 204 1374 282 Αἰγυπτίοισι
1392 206 1676 281 χρέωνται,
1695 206 1908 281 ἐσθῆτα

290 286 366 347 ’δὲ
392 291 668 365 φορέουσι
695 289 818 363 οἴην
845 317 949 366 περ
973 293 1025 348 οἶ
1045 288 1218 349 ἄλλοι
1238 291 1466 366 Λίβυες·
1494 295 1552 350 αἱ
1579 293 1636 351 δὲ
1655 297 1907 373 γυναῖκες

304 376 483 436 αὐτῶν
525 379 726 454 ψέλιον
765 377 893 453 περὶ
936 379 1164 456 ἑκατέρῃ
1204 383 1314 437 τῶν
1350 380 1595 454 κνημέων
1634 382 1906 456 φορέουσι

300 464 567 543 χάλκεον·
635 465 735 527 τοῖς
776 466 1029 540 κεφαλὰς
1070 465 1129 523 δὲ
1172 470 1442 542 κομῶσαι,
1489 467 1618 530 τούς
1673 469 1905 545 φθεῖρας

304 552 471 611 ε’πεᾶν
511 551 741 628 λάβωσι
780 552 910 615 τούς
952 556 1155 628 ἑωυτῆς
1196 553 1404 629 ἑκάστη
1459 553 1765 614 ἀντιδάκνει
1812 557 1903 615 καὶ

303 638 445 699 οὕτω
490 641 692 716 ῥίπτει·
737 639 889 700 οὗτοι
930 642 988 699 δὲ
1023 645 1223 717 μοῦνοι
1263 642 1493 718 Λιβύων
1532 647 1698 702 τοῦτο
1746 644 1903 725 ἐργά-

302 729 508 797 ζονται·
551 729 641 786 καὶ
672 734 748 807 τῷ
778 731 1018 804 βασιλέϊ
1045 735 1244 805 μοῦνοι
1284 729 1384 793 τοῖς
1423 732 1737 806 παρθένους
1766 737 1901 809 μελ-

300 816 517 879 λούσας
538 817 842 876 συνοικέειν
865 817 1283 876 ἐπιδεικνύουσι·
1316 818 1354 892 ἣ
1382 819 1440 877 δὲ
1466 817 1535 878 ἂν
1560 823 1636 896 τῷ
1659 821 1904 894 βασιλέϊ

301 903 516 979 ἀρεστὴ
553 905 797 985 γένηται,
835 905 945 964 ύπὸ
978 905 1192 964 τούτου,
1205 906 1704 982 διαπαρθενεύεται.
1761 934 1899 983 παρ-

300 989 504 1065 η’κουσι
525 992 584 1049 δὲ
610 990 764 1051 οὗτοι
793 996 846 1051 οῖ
870 992 1273 1072 Ἀδυρμαχίδαι
1300 992 1395 1051 ἄπ’
1423 994 1708 1073 Αἰγύπτου
1732 996 1900 1072 μέχρι

301 1079 527 1155 λιμένος
551 1084 626 1157 τῷ
647 1079 857 1156 οὔνομα
878 1080 1103 1143 Πλυνός
1125 1086 1265 1140 ε’στι.
1323 1080 1543 1140 Τούτων
1564 1082 1623 1140 δὲ
1640 1083 1859 1160 ἔχονται
1881 1085 1991 1142 169

304 1167 668 1247 Γιλιγάμμαι,
725 1169 1015 1244 νεμόμενοι
1069 1168 1174 1244 τήν
1226 1169 1366 1245 πρὸς
1421 1170 1672 1245 ἑσπέρην
1713 1169 1899 1247 χώρην

300 1255 470 1331 μέχρι
494 1254 928 1331 Ἀφροδισιάδος
958 1256 1155 1331 νήσου·
1199 1261 1257 1315 ἐν
1285 1257 1343 1315 δὲ
1369 1261 1444 1335 τῷ
1469 1257 1677 1331 μεταξύ
1701 1256 1899 1316 τούτου

302 1339 462 1419 χώρῳ
501 1341 539 1417 ἥ
578 1369 640 1400 τε
679 1344 914 1401 Πλατέα
956 1347 1130 1417 νῆσος
1184 1344 1472 1413 ἐπικέεται,
1519 1344 1621 1419 τήν
1672 1346 1898 1405 ἔκτισαν

305 1433 628 1504 Κυρηναῖοι·
672 1429 763 1488 καὶ
789 1435 846 1489 ἐν
873 1435 944 1508 τῇ
970 1430 1179 1509 ἠπείρῳ
1207 1431 1519 1494 Μενελάϊος
1556 1430 1730 1509 λιμήν
1756 1437 1896 1503 ἐστι,

302 1516 394 1574 καὶ
411 1516 622 1593 Ἀζιρις
645 1517 751 1593 τὴν
778 1521 836 1577 οἶ
873 1523 1181 1595 Κυρηναῖοι
1208 1520 1406 1579 οἴκεον·
1449 1520 1540 1579 καὶ
1565 1519 1631 1579 τό
1660 1521 1898 1595 σίλφιον

298 1602 529 1682 ἄρχεται
553 1604 665 1664 οἷπὸ
690 1604 908 1664 τούτου·
948 1607 1184 1682 παρήκει
1210 1607 1269 1665 δὲ
1290 1605 1402 1665 cim}
1432 1608 1695 1682 Πλατέης
1719 1607 1896 1683 νήσου

297 1691 465 1769 μέχρι
482 1697 582 1752 τοῦ
602 1693 884 1768 στόματος
900 1697 1001 1768 τῆς
1022 1693 1252 1770 Σύρτιος
1269 1694 1335 1753 τὸ
1357 1694 1615 1770 σίλφιον.
1671 1696 1896 1770 νόμοισι

299 1778 357 1836 δὲ
406 1781 678 1857 χρέωνται
732 1778 885 1839 οὗτοι
935 1782 1391 1857 παραπλησίοισι
1432 1785 1585 1841 τοῖσι
1634 1783 1891 1857 ἑτέροισι.

298 1869 690 1946 Γιλιγαμμέων
709 1869 769 1926 δὲ
784 1870 1004 1947 ἔχονται
1018 1868 1084 1927 τὸ
1100 1869 1240 1945 πρὸς
1255 1871 1495 1946 ἑσπέρης
1508 1868 1853 1944 Ἀσβύσται.
1876 1871 1989 1932 170

294 1952 452 2013 οὗτοι
476 1955 542 2014 vd
569 1955 706 2031 ὖπὲρ
734 1955 993 2031 Κυρήνης
1013 1957 1275 2026 οἰκέουσι,
1300 1957 1392 2015 ἐπὶ
1413 1956 1717 2017 θάλασσαν
1743 1957 1803 2019 δὲ
1830 1957 1894 2016 οὗ

297 2042 607 2117 κατήκουσι
638 2042 984 2118 Ἀσβύσται·
1004 2043 1072 2103 τό
1090 2044 1200 2124 γάρ
1217 2044 1369 2120 παραῖ
1385 2043 1690 2105 θάλασσαν
1709 2052 1894 2121 Κυρη-

296 2134 442 2189 ναῖοι
468 2132 746 2207 νέμονται·
788 2131 1241 2208 τεθριπποβάται
1278 2132 1337 2190 δὲ
1364 2131 1463 2190 ούκ
1489 2131 1710 2206 ἥκιστα,
1738 2132 1904 2203 οἷλλᾶ,

294 2217 553 2293 μάλιστα
573 2219 803 2295 Λιβύων
825 2219 955 2278 εἶσί·
998 2219 1200 2296 νόμους
1227 2221 1287 2278 δὲ
1311 2218 1441 2282 τούς
1464 2223 1706 2282 πλεῦνας
1730 2222 1889 2295 μιμέ-

295 2306 461 2365 εσθαι
504 2307 888 2382 ἐπιτηδεύουσι
929 2307 1058 2369 τούς
1094 2307 1440 2384 Κυρηναίων.
1490 2304 1982 2382 Ἀσβυστέων171

295 2392 356 2450 δὲ
382 2393 603 2471 ἔχονται
628 2393 694 2453 τὸ
722 2393 863 2471 πρός
897 2396 1138 2471 ἑσπέρης
1170 2395 1480 2474 Αὐσχίσαι.
1565 2393 1720 2454 οὗτοι
1747 2392 1899 2472 υπὲρ

295 2479 516 2557 Βάρκης
575 2482 835 2550 οἰκέουσι,
890 2482 1219 2557 κατήκοντες
1271 2483 1363 2542 ε’πὶ
1416 2481 1719 2543 θάλασσαν
1773 2482 1890 2542 κατ’

293 2567 692 2646 Εὐεσπερίδας.
757 2569 1089 2648 Αὕσχισέων
1123 2570 1182 2629 δὲ
1216 2570 1355 2630 κατοὶ
1378 2571 1557 2647 μέσον
1582 2569 1891 2651 τῆςνχῶρης

293 2655 539 2714 οἰκέουσι
593 2656 884 2732 Κάβαλες,
939 2655 1137 2736 ὀλίγον
1190 2658 1360 2728 ἔθνος,
1418 2657 1746 2737 κατήκοντες
1802 2657 1891 2717 ἐπὶ

294 2741 601 2803 θάλασσαν
637 2743 778 2803 κατὰ
813 2744 1092 2823 Ταύχειρα
1127 2744 1298 2804 πόλιν
1328 2749 1430 2821 τῆς
1461 2738 1783 2856 Βαρκαίης·
1803 2745 1891 2806 νό-

290 2855 454 2905 μοισι
493 2831 552 2890 δὲ
594 2836 746 2890 τοῖσι
782 2831 1005 2891 αὐτοῖσι
1041 2833 1311 2911 χρέωνται
1340 2836 1495 2893 τοῖσι
1531 2833 1623 2892 καὶ
1656 2860 1711 2892 οι
1748 2832 1888 2911 υπὲρ

292 2918 568 2995 Κυρήνης.
627 2919 962 2998 Αυσχισέων
998 2919 1056 2978 δὲ
1097 2920 1304 2979 τούτων
1338 2919 1404 2980 τὰ
1441 2947 1582 2998 προς
1612 2922 1850 2997 ἑσπέρης
1870 2923 1981 2980 172

291 3006 514 3085 ἔχονται
550 3012 915 3084 Νασαμῶνες,
946 3008 1162 3070 ἔθνος’
1137 3033 1229 3067 εον
1263 3007 1505 3066 πολλόν·
1550 3035 1604 3066 οι
1628 3010 1693 3068 τὸ
1729 3009 1888 3089 θέρος

293 3096 720 3157 καταλείποντες
759 3096 850 3154 ε’πὶ
889 3100 961 3173 τῇ
1003 3094 1275 3173 θαλάσσῃ
1315 3094 1386 3154 τοὶ
1432 3094 1715 3172 πρόβατα,
1762 3096 1888 3157 οἷνα·

291 3183 558 3253 βαίνουσι
596 3188 650 3245 ἐς
685 3182 905 3263 Αὔγιλα
940 3187 1126 3263 χῶρον
1161 3184 1520 3263 ὀπωριεῦντες
1547 3185 1675 3249 τούς
1712 3187 1888 3262 φοίνι-

291 3294 407 3331 κας·
451 3272 504 3328 οἱ
545 3270 603 3328 δὲ
642 3271 854 3330 πολλοὶ
894 3272 987 3330 καὶ
1024 3272 1387 3352 ἀμφιλαφέες
1421 3273 1728 3352 πεφύκασι,
1754 3274 1888 3340 πάνι-
