2184 3517
217 106 434 169 εις-92]
862 110 1189 160 ΕΤΤΕΡΠΗ.
1726 115 1822 165 149

218 185 272 244 δὲ
297 185 527 245 αὐτοῖσι
549 184 864 262 ἀνδριάντες
889 186 986 247 δύο
1015 191 1220 249 ἑστᾶσι
1239 189 1446 250 λίθινοι
1471 190 1733 272 μεγάλοι·
1764 197 1822 254 ἐν

217 272 273 332 δὲ
294 277 373 352 τῷ
400 275 877 355 περιβεβλημένῳ
895 275 1071 356 τούτῳ
1099 275 1230 352 νηός
1253 303 1317 337 τε
1344 279 1436 351 ἔνι,
1468 279 1560 338 καὶ
1587 278 1819 360 ἄγαλμα

217 365 271 420 ἐν
305 360 457 440 αὐτῷ
495 362 757 437 ἐνέστηκε
793 365 895 422 τοῦ
929 364 1205 441 Περσέος.
1247 362 1402 425 οὗτοι
1440 370 1493 425 οἱ
1535 372 1820 444 Χεμμῖται

216 448 450 529 λέγουσι
476 447 578 510 τόν
602 450 833 526 Περσέα
863 450 1115 511 πολλάκι
1138 454 1242 529 μὲν
1276 451 1382 513 οἷνοὶ
1407 452 1511 529 τήν
1537 458 1646 535 γῆν
1684 457 1815 531 φαί-

217 537 417 598 νεσθαί
443 543 574 613 σφι,
601 536 853 597 πολλάκι
880 538 939 597 δὲ
966 540 1077 599 ἔσω
1103 544 1204 599 τοῦ
1239 543 1361 618 ἱροῦ
1367 568 1380 581 ·
1423 541 1731 603 σανδάλιόν
1754 569 1818 605 τε
1836 558 1847 565 ’

216 624 382 686 αὐτοῦ
407 626 802 739 πεφορημένον
829 625 1205 704 εὑρίσκεσθαι,
1241 628 1334 689 ε’ὃν
1359 628 1426 690 τὸ
1456 631 1704 711 μέγαθος
1736 631 1813 693 δι’·

215 738 385 793 πηχυ·
444 714 514 774 τό
553 713 719 774 ε’πεοὶν
746 719 916 794 φανῇ,
945 714 1285 792 εὖθηνέειν“’
1248 743 1481 777 απασαν
1506 719 1811 799 Αἵηωπτον.

212 805 384 862 ταῦτα
422 803 529 878 μὲν
561 802 815 882 λέγουσι·
855 807 1080 863 ποιεῦσι
1121 804 1181 863 δε
1218 804 1351 865 τάδε
1386 804 1695 882 Ἑλληνικαὶ
1733 810 1813 889 τῷ

214 889 448 967 Περσέι·
490 889 679 971 ἅγῶνα
703 890 973 971 γυμνικόν
998 883 1205 952 τιθεῖσι
1238 892 1329 952 διαὶ
1355 892 1546 970 πάσης
1572 893 1810 975 ἀγωνίης

212 977 426 1055 ἔχοντα,
463 977 801 1056 παρέχοντες
842 976 1021 1038 ἄεθλα
1062 980 1262 1055 κτήνεα
1306 980 1398 1040 καὶ
1439 982 1678 1059 χλαίνας
1719 984 1811 1043 καὶ

211 1065 476 1142 δέρματα.
545 1066 830 1142 εἰρομένου
855 1066 918 1126 δέ
946 1092 1053 1144 μευ
1084 1065 1117 1127 ὅ
1145 1093 1203 1127 τι
1238 1073 1350 1143 σφι
1378 1066 1640 1144 μούνοισι
1677 1070 1808 1129 ἔωθε

209 1152 242 1212 ὅ
279 1153 536 1232 Περσεῦς
571 1153 983 1230 ἐπιφαίνεσθαι,
1018 1155 1112 1213 καὶ
1149 1153 1182 1213 ὅ
1219 1180 1276 1215 τι
1317 1154 1679 1233 κεχωρίδαται
1709 1160 1805 1217 Αἶ-

205 1243 452 1321 γυπτίων
469 1245 580 1302 τῶν
600 1239 792 1301 ἄλλων
812 1241 998 1323 οἷγῶνα
1013 1241 1282 1323 γυμνικόν
1300 1242 1559 1313 τιθέντες,
1582 1243 1806 1319 ἔφασαν

207 1329 359 1391 “v-dv
388 1330 622 1407 Περσέα
655 1334 715 1388 ἐκ
750 1334 853 1405 τῆς
884 1333 1097 1390 ἑωυτῶν
1132 1329 1334 1393 πόλιος
1359 1331 1666 1411 γεγονέναι·
1705 1330 1807 1394 τᾶν

202 1411 313 1498 γοῖρ
345 1418 574 1478 Δαναόν
610 1418 703 1477 καὶ
735 1417 836 1478 τᾶν
867 1418 1110 1498 Λυγκέα,
1149 1415 1341 1481 ἐόντας
1376 1417 1685 1495 Χεμμίτας,
1720 1425 1804 1480 ἐκ·

201 1511 434 1567 πλῶσαι
461 1512 516 1570 ἐς
539 1505 644 1582 τήν
666 1504 939 1566 Ἑλλάδα·
955 1505 988 1526 ”
1019 1504 1132 1567 οἷπό
1161 1506 1221 1565 δὲ
1245 1504 1456 1567 τούτων
1476 1508 1801 1590 γενεηλογέ-

203 1617 370 1669 οντες,
407 1594 741 1670 κατέβαινον
778 1598 833 1658 ἐς
871 1593 974 1655 τᾶν
1015 1594 1266 1673 Περσέα·
1310 1604 1346 1630 “
1363 1593 1701 1671 ἀπικόμενον
1740 1596 1801 1656 δὲ

201 1681 369 1743 αὖτὸν
411 1686 468 1746 ἐς
507 1682 809 1763 Αἴγυπτον,
853 1681 970 1742 κατ’
1010 1683 1192 1759 αἰτίην
1236 1682 1341 1758 τὴν
1386 1682 1478 1741 καὶ
1521 1683 1803 1760 Ἕλληνες

201 1771 453 1851 λέγουσι,
482 1770 714 1831 οἴσοντα
754 1774 813 1829 ἐκ
846 1767 1067 1846 Λιβύης
1101 1771 1207 1846 τὴν
1242 1774 1491 1851 Γοργοῦς
1525 1771 1798 1848 κεφαλήν,

201 1859 425 1936 ἔφασαν
458 1858 642 1918 ἐλθεῖν
670 1859 762 1916 καὶ
792 1857 946 1935 παρὰ
978 1859 1164 1935 σφέας
1197 1859 1288 1917 καὶ
1324 1859 1651 1940 ἅναγνῶναθ
1667 1858 1799 1924 τούς

198 1947 505 2030 συγγενέας
538 1943 767 2009 πάντας·
812 1945 1237 2024 ἐκμεμαθηκότα
1271 1945 1335 2006 δέ
1365 1971 1464 2024 μιν
1493 1944 1798 2007 ἀπικέσθαι

197 2040 250 2099 ἐς
291 2036 585 2118 Αἴγυπτον
620 2033 689 2094 ord
728 2037 830 2110 τῆς
871 2034 1126 2111 Χέμμιος
1169 2033 1398 2111 οὕνομα,
1435 2035 1797 2111 πεπυσμένον

193 2122 347 2202 παρὰ
400 2126 505 2199 τῆς
554 2120 783 2200 μητρός·
836 2119 1026 2203 α’,γῶνα
1078 2122 1142 2184 δέ
1192 2125 1248 2182 οἱ
1298 2121 1568 2203 γυμνικόν
1619 2122 1792 2184 αὐτοῦ

169 2211 565 2294 ,κελεύσαντος
593 2209 968 2291 ἐπιτελέειν.”)

207 2309 212 2314 ’
271 2304 463 2360 Ταῦτα
487 2302 591 2377 μὲν
614 2297 799 2359 πάντα
829 2302 885 2359 οἱ
917 2297 1227 2375 κατύπερθε
1256 2300 1368 2357 τῶν
1394 2296 1564 2357 ἑλέων
1588 2297 1792 2357 οἶκέον-
1809 2298 1888 2358 92

182 2413 280 2470 τες
326 2387 628 2469 Αἰγύπτιοι
671 2387 979 2465 νομίζουσι·
1027 2390 1082 2447 οἶ
1127 2385 1187 2445 δὲ
1233 2384 1302 2461 δή
1343 2389 1402 2445 ἐν
1439 2386 1594 2448 τοῖσι
1635 2384 1795 2444 ἕλεσι

189 2475 581 2553 κατοικημένοι
624 2479 778 2535 τοῖσι
821 2479 925 2553 μὲν
971 2472 1195 2535 αὔτοῖσι
1245 2472 1472 2552 νόμοισι
1521 2471 1793 2552 χρέωνται

185 2568 344 2625 τοῖσι
381 2564 474 2623 καὶ
505 2566 559 2623 οἱ
594 2560 767 2623 ἄλλοι
801 2562 1116 2645 Αἰγύπτιοι,
1145 2563 1238 2623 καὶ
1271 2562 1345 2623 τοὶ
1380 2561 1535 2621 ἅλλα
1572 2561 1665 2620 καὶ
1694 2586 1791 2643 γυ-

185 2653 335 2714 ναικὶ
349 2655 455 2730 μιῇ
473 2653 705 2715 ἕκαστος
722 2649 900 2713 αὐτῶν
916 2653 1207 2723 συνοικέει,
1225 2651 1470 2729 κατάπερ
1486 2649 1787 2727 ”Ελληνες.

129 2730 138 2737 ’
184 2740 330 2819 οἷτοῖρ
375 2740 518 2819 πρός
564 2739 823 2817 εὖτελέην
873 2744 985 2802 τῶν
1037 2740 1231 2801 σιτίων
1274 2738 1406 2800 τάδε
1460 2745 1574 2816 σφι
1626 2738 1784 2799 ἄλλα

183 2829 493 2908 ἐξεύρηται·
535 2827 704 2890 ’ἐπεὰν
732 2828 953 2906 πλήρης
986 2829 1216 2911 γένηται
1242 2827 1273 2888 ὁ
1299 2828 1554 2905 ποταμὸς
1586 2828 1680 2887 καὶ
1712 2826 1787 2887 τοὶ

183 2918 353 2979 πεδία
387 2917 694 2998 πελαγίσῃ,
723 2916 924 2992 φύεται
960 2922 1018 2977 ἐν
1048 2920 1127 2995 τῷ
1155 2915 1314 2976 ὕδατι
1354 2916 1540 2992 κρίνεα
1574 2912 1788 2984 πολλὰ,

181 3006 254 3067 τὰ
275 3005 578 3088 Αἰγύπτιοι
606 3006 874 3065 καλέουσι
898 3003 1098 3064 λωτόν·
1128 3007 1304 3063 ταῦτα
1332 3002 1498 3062 ἐπεὰν
1519 3002 1785 3078 δρέψωσι,

182 3093 480 3156 αὐαίνουσι
512 3092 656 3172 πρὸς
689 3092 870 3169 ἥλιον,
904 3092 996 3149 καὶ
1037 3092 1228 3149 ἔπειτα
1265 3088 1332 3149 τό
1375 3094 1435 3147 ἐκ
1474 3089 1655 3164 μέσου
1689 3089 1789 3147 τοῦ

178 3186 368 3245 λωτοῦ
403 3186 477 3261 τῇ
510 3181 723 3258 μήκωνι
759 3179 851 3240 ἐόν
886 3180 1124 3255 ἐμφερὲς
1157 3177 1475 3245 πτίσαντες,
1504 3179 1787 3236 ποιεῦνται

176 3273 241 3343 ἐξ
268 3270 445 3333 αὐτοῦ
469 3269 671 3348 ἄρτους
689 3266 895 3330 dvm-0133
919 3265 1071 3344 πυρί.
1130 3266 1253 3325 ἔστι
1273 3263 1333 3324 δὲ
1359 3263 1451 3323 καὶ
1475 3261 1515 3341 ἦ
1540 3263 1668 3341 ῥίζα
1685 3267 1787 3324 τοῦ
