2184 3517
1157 45 1160 48 .
1498 22 1517 51 S

318 106 420 154 266
940 105 1313 156 ἮΡοΔοτοτ
1788 104 1930 170 [111.

318 183 419 253 ξας
445 185 714 264 γέφυραν,
755 191 818 245 ἐκ
854 185 1034 260 τῆσδε
1069 188 1174 261 τῆς
1217 183 1452 261 ἠπείρου
1492 189 1548 248 ἐς
1585 184 1692 260 τήν
1730 186 1935 263 ἑτέρην

313 269 545 349 ἤπειρον
571 273 663 333 ἐπὶ
691 271 909 336 Σκύθας
934 271 1362 349 στρατεύεσθαι·
1404 271 1500 331 καὶ
1521 276 1697 332 ταῦτα
1723 271 1938 354 ὀλίγου

312 358 521 438 χρόνου
548 360 708 420 ἔσται
731 358 1084 438 τελεύμενα.”
1137 360 1296 440 λέγει
1309 359 1580 421 ''Arno-oa
1595 360 1744 421 τάδε·
1775 361 1934 439 ’(ὅρα,

314 473 427 519 νυν,
458 453 514 513 ἐς
553 447 773 513 Σκύθας
810 451 916 526 μὲν
953 448 1059 524 τήν
1094 447 1321 525 πρώτην
1354 449 1494 508 ἰέναι
1535 449 1723 509 ἔασον·
1766 447 1935 511 οὗτοι

312 535 424 616 γὰρ
452 536 618 597 ἐπεοῖν
644 535 719 597 σι)
751 536 944 616 βούλῃ
981 537 1211 597 ἔσονταί
1237 562 1346 597 τοι·
1388 535 1464 597 m)
1490 536 1554 596 δέ
1575 562 1676 613 μοι
1702 537 1796 596 ἐπὶ
1818 538 1934 614 τήν

312 623 570 684 Ἑλλάδα
600 623 1030 701 στρατεύεσθαι·
1073 624 1352 701 ἐπιθυμέω
1376 624 1508 706 γὰρ,
1534 623 1690 704 λόγῳ
1714 627 1929 687 πυνθα-

313 711 533 787 νομένη,
575 713 859 776 Λακαίνας
895 713 976 772 τέ.
999 736 1100 789 μοι
1137 711 1406 792 γενέσθαι
1445 711 1784 788 θεραπαίνας
1828 714 1931 774 καὶ

308 796 569 879 Ἀργείας
585 799 691 869 ,καὶ
718 799 980 863 Ἀττικὰς
1006 800 1100 858 καὶ
1127 799 1449 875 Κορινθίας·
1493 800 1636 878 ἔχεις
1660 799 1722 857 δὲ
1745 797 1930 878 ἄνδρα

226 946 230 950 ,
310 887 745 961 ἐπιτηδειότατον
778 886 992 964 οἷνδρῶν
1026 886 1249 948 πάντων
1285 887 1439 957 δέξαι
1472 912 1535 947 τε
1569 887 1781 948 ἕκαστα
1819 892 1933 963 τῆς

309 971 588 1037 Ἑλλάδος
614 975 708 1034 καὶ
734 974 1189 1055 κατηγήσασθαι,
1208 978 1411 1035 τοῦτον
1430 972 1493 1037 ὅς
1518 999 1622 1034 σευ
1645 974 1746 1035 τᾶν
1770 974 1926 1036 πόδα

310 1061 574 1136 ἐξιήσατο
582 1061 627 1121 .”
684 1061 980 1140 ἀμείβεται
998 1066 1257 1138 Δαρεῖος·
1285 1071 1323 1098 “
1339 1060 1383 1121 ὦ
1394 1060 1576 1142 γύναι,
1593 1062 1714 1122 ἐπεὶ
1728 1064 1927 1125 τοίνυν

307 1173 400 1208 τοι
423 1149 600 1209 δοκέει
621 1153 725 1226 τῆς
747 1148 1027 1213 Ἑλλάδος
1048 1149 1228 1227 ήμέας
1250 1152 1445 1226 πρῶτα
1481 1149 1925 1227 ἀποπειρᾶσθαι,

313 1237 704 1303 κατασκόπους
743 1263 843 1315 μοι
886 1237 1066 1296 δοκέει
1112 1237 1383 1314 Περσέων
1426 1240 1649 1315 πρῶτον
1692 1236 1925 1314 ἄμεινον

309 1324 448 1385 εἶναι
473 1325 616 1402 ὁμοῦ
650 1325 827 1406 τούτῳ
850 1328 928 1404 τῷ
953 1324 1029 1385 σύ
1055 1325 1242 1406 λέγεις
1274 1326 1496 1403 πέμψαι
1521 1330 1577 1389 ἐς
1602 1323 1821 1390 αὐτούς·
1861 1326 1927 1387 οἳ

304 1412 576 1488 μαθόντες
629 1414 722 1472 καὶ
766 1413 971 1476 ἰδόντες
1018 1412 1234 1473 ἕκαστα
1274 1411 1471 1483 αὐτῶν,
1517 1412 1924 1494 ἐξαγγελέουσι

304 1499 458 1576 ήμῖν·
515 1501 607 1560 καὶ
648 1502 837 1561 ἔπειτα
877 1500 1309 1578 ἐξεπιστάμενος
1351 1500 1437 1561 ἐπ’
1485 1500 1683 1565 αὕτούς
1715 1503 1939 1581 τρέψο-,

216 1590 327 1648 135
342 1586 497 1664 μαι.”
552 1593 741 1649 Ταῦτα
763 1589 901 1649 εἶπε·
931 1589 1024 1648 καὶ
1039 1588 1158 1666 ἅμα
1179 1590 1309 1653 ἔπος
1322 1614 1386 1650 τε
1413 1589 1504 1649 καὶ
1526 1590 1691 1671 ἔργον
1712 1595 1920 1655 ἐποίεε·

309 1677 435 1735 ἐπεί
454 1702 516 1736 τε
540 1677 652 1759 γὰρ
677 1676 925 1756 τάχιστα
949 1676 1134 1756 ἡμέρη
1160 1678 1471 1756 ἐπέλαμψε,
1491 1678 1740 1742 καλέσας
1766 1684 1919 1757 Περ-

304 1764 450 1825 σέων
481 1763 692 1842 ιῖἷνδρας1
722 1765 984 1842 δοκίμους
1016 1766 1427 1838 πεντεκαίδεκα,
1451 1765 1774 1827 ἐνετέλλετό
1800 1774 1921 1844 σφι

304 1853 603 1930 ἑπομένους
644 1853 966 1931 Δημοκήδεϊ
1001 1853 1305 1924 διεξελθεῖν
1344 1854 1417 1914 τοὶ
1461 1854 1921 1932 παραθαλάσσια

306 1944 409 2016 τῆς
433 1940 730 2005 Ἑλλάδος·
781 1941 921 2006 ὅκως
944 1967 1008 2002 τε
1032 1941 1116 2018 μὴ
1143 1940 1505 2019 διαδρήσεταί
1527 1949 1715 2019 σφεας
1739 1942 1773 2004 ὅ
1798 1938 1917 2022 Δη-

302 2027 564 2105 μοκήδης,
601 2029 758 2090 ἀλλά
791 2056 890 2107 μιν
912 2029 1131 2094 πάντως
1166 2029 1353 2091 ὀπίσω
1378 2029 1678 2100 ἀπάξουσι.
1746 2036 1915 2092 ἐντει-

304 2115 547 2194 λάμενος
579 2118 640 2178 δὲ
673 2117 928 2179 τούτοισι
959 2122 1152 2189 ταῦτα,
1188 2117 1418 2196 δεύτερα
1453 2119 1701 2182 καλέσας
1739 2119 1919 2181 αι’τόν

305 2206 642 2283 Δημοκήδεα
667 2206 848 2266 ἐδέετο
876 2205 1064 2276 αὐτοῦ,
1092 2204 1232 2270 ὅκως
1272 2206 1689 2288 ἐξηγησάμενος
1714 2212 1913 2268 πᾶσαν

301 2295 394 2353 καὶ
420 2294 670 2366 ἐπιδέξας
693 2294 799 2371 τήν
823 2293 1079 2354 Ἑλλάδα
1102 2298 1258 2354 τοῖσι
1279 2295 1546 2374 Πέρσῃσι
1565 2293 1749 2355 ὀπίσω
1764 2293 1911 2372 ἥξει·

301 2382 450 2459 δῶρα
476 2385 540 2444 δέ
560 2409 659 2461 μιν
683 2388 763 2463 τῷ
792 2383 964 2462 πατρὶ
1005 2383 1099 2442 καὶ
1131 2387 1299 2443 τοῖσι·
1321 2383 1658 2460 ἀδελφεοῖσι
1689 2384 1913 2446 ἐκέλευε

302 2469 488 2532 πάντα
512 2471 585 2532 τοὶ
612 2472 822 2532 ἐκείνου
839 2473 1049 2531 ἔπιπλα
1068 2471 1331 2548 λαβόντα
1351 2470 1523 2553 ἄγειν,
1545 2471 1660 2547 φοὶς
1676 2471 1912 2534 ἅλλαόἱ

296 2561 676 2637 παραπλήσια
702 2560 1041 2621 ἀντιδώσειν·
1072 2559 1216 2637 πρὸς
1241 2560 1318 2632 δὲ,
1336 2565 1392 2625 ἐς
1416 2560 1487 2620 τοὶ
1514 2561 1664 2636 δῶρα
1690 2560 1912 2623 ὁλκάδα

298 2650 353 2706 οἱ
378 2649 489 2723 ἔφη
502 2648 955 2725 συμβαλέεσθαι
979 2649 1210 2725 πλήσας
1237 2647 1466 2730 ἀγαθῶν
1492 2649 1785 2720 παντοίων,
1800 2650 1911 2726 τὴν

298 2733 417 2812 ἅμα
456 2737 511 2794 οἶ
549 2734 924 2796 πλεύσεσθαι.
994 2741 1233 2815 Δαρεῖος
1262 2740 1367 2814 μὲν
1393 2736 1481 2812 δή,
1510 2736 1720 2799 δοκέειν
1760 2740 1906 2815 ἐμοὶ,

296 2820 393 2883 ἀπ’
440 2821 662 2888 οὖδενός
705 2823 940 2900 δολεροῦ
986 2823 1120 2885 νόου
1173 2824 1561 2906 ἐπαγγέλλετό
1607 2828 1662 2884 οἱ
1705 2831 1906 2887 ταῦτα·

299 2911 635 2987 Δημοκήδης
656 2912 727 2970 ’δὲ
762 2910 953 2975 δείσας
977 2911 1060 2988 μή
1087 2911 1148 2971 εὖ
1175 2916 1471 2992 ἐκπειρῷτο
1499 2916 1754 2991 Δαρεῖος,
1781 2914 1908 2976 οὔτι

294 2996 611 3074 ἐπιδραμών
641 2994 826 3058 πάντα
865 2998 937 3057 τσῖ
968 2998 1228 3075 διδόμενα
1255 3000 1487 3071 ἐδέκετο,
1514 2999 1673 3060 ἀλλὰ
1698 3001 1771 3061 τοὶ
1795 3005 1905 3079 μὲν

276 3087 497 3146 ,ἑωυτοῦ
524 3085 665 3143 κατοὶ
690 3084 877 3164 χώρην
894 3086 1004 3161 ἔφη
1032 3087 1389 3165 καταλείψειν
1418 3087 1507 3147 ἵνα
1534 3086 1719 3148 ὀπίσω
1745 3090 1907 3166 σφέα

291 3167 554 3233 ἅπελθδν
591 3171 730 3248 ἔχοι·
782 3172 887 3248 τήν
926 3172 1121 3247 μέντοι
1167 3172 1382 3233 ὁλκάδα
1421 3174 1528 3250 τήν
1569 3179 1625 3236 οἳ
1666 3181 1907 3255 Δαρεῖος

290 3259 676 3337 ἐπαγγέλλετο
721 3262 778 3322 ἐς
826 3257 930 3333 τὴν
969 3257 1178 3335 δωρεὴν
1217 3263 1374 3321 τοῖσι
1415 3260 1770 3341 ἀδελφεοῖσι,
1814 3265 1904 3326 δέ·
