2184 3517
218 129 445 194 41—43]
884 129 1212 178 n'r'mpnn.
1736 129 1828 178 129

340 214 494 267 Οσοι
519 207 623 283 μὲν
648 206 717 282 δὴ
747 206 883 270 Διός
914 206 1199 284 Θηβαιέος
1237 206 1481 283 ἵδρυνται
1513 204 1651 285 ἶρὸν,
1677 203 1715 283 ἢ
1741 231 1827 267 νο-
1845 208 1921 267 42

221 298 336 373 μοῦ
376 298 479 355 τοῦ
518 296 777 373 Θηβαίου
818 295 948 365 εἰσὶ,
984 291 1141 354 οὗτοι
1178 295 1284 372 μέν
1323 320 1420 355 νυν
1459 295 1662 357 πάντες
1702 293 1831 355 ὀΐων

222 381 566 462 ἀπεχόμενοι
605 375 768 464 αἶγας
809 381 1025 442 θύουσι.
1110 382 1295 463 (θεοὺς
1334 381 1444 462 γὰρ
1487 381 1554 457 δή
1597 381 1662 441 οὕ
1700 381 1830 446 τοῦς

224 470 428 534 αὐτοῦς
473 469 712 535 ἅπαντες
752 469 955 547 ὁμοίως
997 469 1296 550 Αἰγύπτιοι
1342 470 1632 546 σέβονται,
1675 468 1830 545 πλὴν

218 558 400 621 Ἴσιός
421 583 487 618 τε
507 559 601 617 καὶ
619 556 887 636 Ὀσίριος,
902 556 1002 618 vav
1022 557 1090 633 δή
1116 556 1393 618 Διόνυσον
1414 556 1553 617 εἶναι
1573 558 1829 637 λέγουσι·

226 644 458 710 τούτους
484 645 607 706 δὲε
575 646 777 722 ομοίως
806 644 1045 709 ἅπαντες
1082 646 1401 725 σέβονται.)
1470 644 1602 705 ὅσοι
1638 645 1698 704 δὲ
1730 647 1833 705 τοῦ

228 735 571 810 Μένδητος”
542 759 792 810 εκτηνται
813 733 950 812 ἰρὸν,
971 732 1009 810 ἢ
1029 737 1204 810 νομοῦ
1224 736 1324 794 τοῦ
1353 732 1676 809 Μενδησίου
1698 733 1827 804 εἰσί,

231 819 384 882 οὗτοι
410 823 472 881 δὲ
498 825 670 903 αἰγῶν
693 820 1033 929 ἀπεχόμενοι
1059 820 1142 885 ὄϊς
1170 820 1387 883 θύουσι.
1451 823 1700 898 Θηβαῖοι
1724 822 1829 897 μέν

230 935 343 981 νυν,
371 912 464 970 καὶ
499 909 630 971 ὅσοι
663 909 755 969 δια
790 907 1019 974 τούτους
1054 908 1185 970 ὄιων
1219 909 1540 988 ἀπέχονται,
1575 908 1668 970 δια
1696 909 1832 970 τάδε

230 998 468 1078 λέγουσι
507 997 608 1059 τὸν
641 995 815 1074 νόμον
853 996 1013 1059 τόνδε
1053 1004 1168 1075 σφι
1205 998 1451 1074 τεθῆναι·
1494 1008 1528 1033 “
1544 997 1832 1074 Ἠρακλέα

232 1087 477 1163 θελῆσαι
501 1084 719 1149 πάντως
745 1084 962 1146 ἰδέσθαι
986 1086 1085 1146 τὸν
1106 1085 1234 1155 Δία,
1257 1087 1351 1144 καὶ
1367 1083 1469 1146 τόν
1490 1083 1593 1144 οὐκ
1619 1085 1833 1146 ἐθέλειν

229 1172 482 1250 ’ὀφθῆναι
511 1173 605 1234 ὑπ’
632 1173 820 1235 αὐτοῦ·
860 1174 1025 1238 τέλος
1060 1174 1137 1244 δὲ,
1172 1173 1296 1233 ἐπεί
1326 1198 1390 1233 τε
1419 1173 1704 1248 λιπαρέειν
1733 1171 1833 1235 τόν

229 1261 537 1340 Ἡρακλέα,
567 1262 666 1323 τόν
692 1262 805 1322 Δία
832 1260 1281 1341 μηχανήσασθαι
1313 1259 1468 1338 κριόν
1495 1260 1829 1338 ἐκδείραντα,

230 1351 585 1429 προέχεσθαί
613 1374 676 1410 τε
709 1348 813 1425 τήν
849 1349 1110 1425 κεφαλήν
1145 1347 1510 1426 ἀποταμόντα
1543 1352 1643 1408 τοῦ
1678 1353 1832 1426 κριοῦ

232 1440 327 1498 καὶ
352 1439 581 1499 ἐνδύντα
606 1438 671 1499 τὰ
698 1437 863 1501 νάκος
883 1437 1025 1498 οὕτω
1052 1437 1159 1498 οῖ’
1134 1437 1333 1498 εωυτόν
1355 1436 1651 1508 ἐπιδέξαιῗ
1718 1436 1833 1498 dm?

230 1525 433 1588 τούτου
487 1525 914 1604 κριοπρόσωπον
958 1530 1059 1586 τοῦ
1107 1526 1245 1590 Διός
1290 1524 1565 1613 τῶγαλμα
1612 1529 1837 1587 ποιεῦσι

233 1613 551 1695 Αἰγύπτιοι·
591 1612 704 1674 από
742 1614 802 1673 δὲ
833 1614 1151 1694 Αἰγυπτίων
1180 1612 1502 1692 Ἀμμώνιοι,
1533 1614 1712 1677 ἐόντες
1736 1617 1831 1673 Αἰ-

231 1704 478 1781 γυπτίων
503 1728 567 1763 τε
593 1703 685 1762 καὶ
712 1700 1057 1764 Αἰθιόπων”
1021 1728 1261 1772 αποικοι,
1290 1704 1383 1761 καὶ
1409 1702 1602 1778 φωνὴν
1625 1701 1835 1778 μεταξῦ

233 1789 571 1869 ἀμφοτέρων
595 1791 925 1867 νομίζοντες·
958 1789 1166 1851 δοκέειν
1183 1789 1230 1849 δ’
1251 1790 1392 1867 ἐμοὶ,
1414 1791 1506 1850 καὶ
1529 1790 1597 1850 τὰ
1614 1781 1835 1867 ὀὕνομα

250 1878 540 1957 Αμμῶνιοι
574 1877 687 1938 <ivd
718 1879 883 1939 τοῦδέ
918 1884 1031 1954 σφι
1059 1877 1166 1954 τήν
1192 1879 1502 1956 ἐπωνυμίην
1537 1877 1834 1954 ἐποιήσαν-

238 1992 319 2028 το·
358 1966 573 2044 Ἀμοῦν
604 1966 715 2048 γοὶρ
743 1964 1040 2048 Αἰγύπτιοι
1079 1966 1349 2025 καλέουσι
1376 1964 1477 2026 τόν
1510 1966 1640 2025 Δία.
1707 1965 1838 2029 τούς

238 2056 298 2116 δὲ
336 2055 524 2133 κριοῦς
569 2054 635 2114 οὗ
682 2054 882 2124 θύουσι
928 2056 1193 2130 Θηβαῖοι,
1237 2052 1368 2113 ἀλλ’
1411 2055 1528 2113 εἰσί
1565 2060 1678 2130 σφι
1726 2053 1834 2131 ἰροὶ

159 2146 164 2149 ’
239 2144 327 2203 διαῖ
364 2149 553 2204 τοῦτο·
594 2146 698 2221 μιῇ
728 2142 788 2202 δὲ
822 2141 1005 2220 ἦμέρῃ
1035 2144 1139 2202 τοῦ
1174 2144 1438 2211 ἐνιαυτοῦ,
1468 2145 1526 2201 ἐν
1562 2141 1700 2219 ὁρτῇ
1735 2145 1839 2201 τοῦ

213 2232 393 2303 Aeas,
421 2230 605 2309 νκριόν
669 2231 763 2290 ἕνα
821 2228 1235 2307 κατακόψαντες
1296 2229 1387 2287 καὶ
1451 2228 1839 2307 αποδείραντες

241 2347 380 2382 κατα
415 2318 593 2380 τωυτὸ
619 2316 871 2378 ἐνδύουσι
895 2315 1170 2402 τῶγαλμα
1198 2319 1300 2375 τοῦ
1336 2314 1490 2385 Διός,
1521 2316 1613 2374 καὶ
1650 2317 1839 2375 ἔπειτα

239 2408 388 2468 ἄλλο
434 2406 667 2488 αγαλμα
713 2405 1023 2482 Ἡρακλέος
1073 2428 1436 2484 προσαγουσι
1486 2402 1628 2479 πρός
1678 2402 1835 2464 αὐτό·

238 2501 413 2557 ταῦτα
468 2496 527 2554 δὲ
577 2492 928 2570 ποιήσαντες,
972 2492 1276 2552 τύπτονται
1320 2494 1375 2551 οἱ
1421 2491 1549 2569 περὶ
1601 2489 1667 2551 τᾶ
1718 2491 1838 2567 ἰρόν

239 2584 480 2648 ἅπαντες
503 2582 603 2644 τόν
629 2581 799 2662 κριόν,
830 2581 921 2640 καὶ
953 2581 1142 2641 ἔπειτα
1174 2584 1234 2641 ἐν
1266 2581 1357 2659 ἱρῇ
1376 2578 1529 2659 θήκῃ
1558 2579 1839 2640 θάπτουσι

239 2674 429 2735 αὐτόν.

316 2763 631 2841 Ἡρακλέος
667 2762 727 2822 δὲ
765 2761 893 2839 πέρι
931 2757 1091 2821 τόνδε
1129 2758 1229 2821 τὸν
1268 2757 1445 2840 λόγον
1482 2757 1716 2835 ἥκουσα,
1750 2757 1838 2818 ὅτι
1855 2757 1934 2817 43

240 2851 323 2927 εἴη
348 2855 461 2911 τῶν
488 2850 728 2910 δυώδεκα
755 2849 912 2909 θεῶν·
944 2852 1044 2908 τοῦ
1072 2848 1259 2925 ἑτέρου
1286 2847 1345 2906 δὲ
1370 2847 1499 2925 πέρι
1524 2845 1837 2923 Ἡρακλέος

237 2939 337 3000 τὸν
373 2939 655 3015 Ἕλληνες
696 2937 899 3006 οἴδασι,
944 2934 1161 3015 οὐδαμῇ
1204 2934 1490 3016 Αἰγύπτου
1532 2932 1839 3009 ἐδυνάσθην

239 3025 500 3088 οἰκοῦσαι·
542 3028 635 3086 καὶ
673 3024 787 3103 μήν
819 3024 905 3085 ὅτι
942 3049 1010 3105 γε
1043 3024 1108 3084 οὐ
1140 3024 1271 3101 παρ’
1301 3022 1591 3100 Ἑλλήνων
1625 3022 1838 3097 ἔλαβον

238 3117 305 3177 τᾶ
331 3140 545 3192 ουνομα
576 3118 677 3175 τοῦ
701 3113 1013 3190 Ἡρακλέος
1040 3110 1350 3192 Αἰγύπτιοι,
1379 3111 1533 3170 οἷλλοὶ
1562 3108 1842 3183 Ἕλληνες

239 3209 467 3282 μᾶλλον
492 3229 608 3281 παρ
606 3201 973 3282 Ἀἰγυπτίωη
994 3199 1086 3257 καὶ
1104 3197 1396 3272 Ελλήνων
1417 3221 1572 3256 ουτοι
1599 3199 1653 3256 οἱ
1681 3195 1838 3271 θέμε-

239 3320 325 3354 νοι
348 3296 430 3369 τῷ
452 3289 876 3367 Ἀμφιτρύωνος
893 3286 1039 3367 γόνω
1055 3284 1302 3360 τοῦνομα
1319 3283 1624 3403 Ἡρακλέα,
1646 3280 1840 3340 πολλα

368 3375 422 3419 ll
