2184 3517
197 2063 212 2114 ⁴¹⁴1

215 2079 228 2090 ι

353 93 446 140 158
950 92 1321 145 ἨΡΟΔΟΤΟΤ
1847 92 1949 158 [Π.

347 169 619 246 βασιλέα,
654 172 867 248 κλῆρον
897 170 1029 233 ἴσον
1067 171 1288 251 ἑκάστῳ
1324 169 1671 252 τετράγωνον
1710 170 1955 234 διδόντα·

347 259 442 318 καὶ
480 257 595 319 ‹in-6
632 258 833 319 τούτου
870 257 971 323 τοὶς
1009 258 1325 337 προσόδους
1364 259 1738 336 ποιήσασθαι,
1768 261 1956 321 ἐπιτά-

348 346 520 417 ξαντα
572 345 874 424 ἀποφορὴν
927 348 1230 424 ἐπιτελέειν
1278 346 1396 408 κατ’
1445 347 1714 408 ἐνιαυτόν.
1800 352 1849 409 εἰ
1896 349 1961 410 δέ

344 460 493 498 τινος
516 438 618 496 τοῦ
645 434 922 512 κλήρουε
887 462 921 495 ο
957 434 1212 513 ποταμός
1235 461 1293 496 τι
1328 434 1652 512 παρέλοιτο,
1683 435 1924 497 ἐλθων
1888 464 1958 498 αν

346 522 487 600 πρὸς
518 521 687 583 αὐτόν
724 522 991 602 ἐσήμαινε
1025 523 1092 585 τό
1127 524 1518 605 γεγενημένον·
1572 550 1606 584 ο
1643 523 1771 583 δὲ’
1741 549 1957 602 επεμπε

343 635 474 674 τους
501 611 971 689 ἐπισκεψομένους
998 611 1092 670 καὶ
1118 608 1670 689 ἀναμετρήσοντας
1636 637 1756 691 οσῳ
1783 611 1956 675 ἐλάσ-

346 724 463 758 σων
495 697 528 757 ὅ
560 723 743 776 χωρος
781 697 996 779 γέγονε,
1025 696 1164 763 ὅκως
1201 703 1304 761 τοῦ
1345 702 1552 759 λοιποῦ
1592 700 1736 759 κατά
1776 698 1957 783 λόγον

343 790 446 862 τῆς
497 784 836 867 τεταγμένης
889 786 1188 864 ἀποφορῆς
1230 787 1441 868 τελέοι.
1524 787 1702 847 δοκέει
1747 787 1812 848 δέ
1854 814 1955 866 μοι

347 875 596 934 ἐνθεῦτεν
620 875 928 985 γεωμετρίη
956 874 1264 952 εὑρεθεῖσα,
1293 880 1350 940 ἐς
1372 872 1479 984 τὴν
1505 874 1763 935 Ἑλλάδα
1790 881 1954 939 ἐπαν-

347 962 552 1023 ελθεῖν.
632 960 816 1022 πόλον
852 965 957 1040 μὲν
994 961 1110 1044 γάρ
1152 964 1245 1023 καὶ
1281 962 1561 1045 γνώμονα,
1591 964 1685 1022 καὶ
1713 962 1788 1025 τά
1819 964 1958 1025 δυώ-

345 1049 477 1109 δεκα
516 1049 690 1128 μέρεα
724 1055 825 1127 τῆς
858 1050 1084 1129 ἡμέρης,
1117 1050 1273 1129 παρά
1318 1051 1700 1128 Βαβυλωνίων
1741 1053 1953 1129 ἔμαθον

254 1138 368 1198 110
388 1142 441 1199 οἱ
458 1137 756 1216 Ἕλληνες.
825 1137 1112 1203 Βασιλευς
1134 1142 1241 1217 μὲν
1267 1138 1335 1216 δὴ
1366 1138 1527 1204 οὗτος
1550 1143 1757 1217 μοῦνος
1782 1141 1950 1223 Αἰγύ-

343 1253 504 1290 πτιος
534 1226 831 1304 Αἰθιοπίης
859 1225 1013 1303 ἦρξε.
1094 1227 1431 1305 μνημόσυνα
1471 1227 1530 1288 δὲ
1570 1227 1801 1289 ἐλίπετο
1837 1232 1950 1309 πρὸ

342 1320 443 1375 τοῦ
468 1315 845 1391 Ἡφαιστείου
881 1314 1208 1392 ἀνδριάντας
1246 1317 1510 1388 λιθίνους,
1542 1315 1641 1376 δύο
1669 1319 1777 1393 μὲν
1801 1318 1951 1396 τριή-

346 1428 515 1463 κοντα
548 1401 790 1482 πήχεων,
829 1402 1029 1463 ἑωυτόν
1061 1429 1127 1464 τε
1166 1405 1261 1464 καὶ
1298 1402 1405 1481 τήν
1442 1407 1693 1485 γυναῖκα,
1730 1404 1862 1469 τούς
1892 1406 1951 1466 δὲ

343 1491 547 1555 παῖδας
599 1490 789 1556 ἐόντας
839 1493 1132 1570 τέσσερας,
1183 1492 1364 1553 εἴκοσι
1414 1492 1638 1573 πήχεων
1692 1492 1949 1555 ἕκαστον.

343 1582 455 1640 τῶν
502 1578 570 1656 δὴ
624 1578 658 1639 ὅ
706 1580 852 1658 ipah,-
902 1584 1003 1642 τοῦ
1043 1580 1371 1658 Ἡφαίστου
1421 1580 1606 1661 χρόνῳ
1654 1581 1952 1659 μετέπειτα

343 1670 545 1748 πολλῷ
598 1671 839 1747 Δαρεῖον
876 1668 977 1730 τόν
1016 1669 1253 1746 Πέρσην
1305 1668 1371 1729 οὗ
1423 1669 1662 1747 περιεῖδε
1715 1670 1954 1732 ἱστάντα

345 1756 664 1835 ἔμπροσθεν
690 1755 1003 1835 ἀνδριάντα,
1041 1757 1158 1832 φάς
1198 1755 1306 1817 “οὔ
1342 1760 1398 1818 οἱ
1432 1758 1781 1838 πεποιῆσθαι
1817 1759 1952 1840 ἔργα

346 1844 439 1905 οἷά
462 1871 568 1923 περ
597 1843 890 1923 Σεσώστρι
914 1849 991 1925 τῷ
1016 1841 1323 1927 Αἰγυπτίῳ.
1367 1847 1693 1924 Σέσωστριν
1709 1848 1817 1924 μὲν
1839 1848 1952 1928 γὰρ

345 1931 501 1992 ἅλλα
526 1957 589 1992 τε
616 1932 1115 2011 καταστρέψασθαι
1141 1934 1302 1994 ἔθνεα
1336 1933 1437 1993 οὔκ
1464 1933 1697 1995 ἐλάσσω
1724 1934 1950 2006 ἐκείνου,

279 2041 288 2072 ¹
347 2020 441 2079 καὶ
493 2020 561 2096 δη
618 2020 710 2080 καὶ
764 2020 999 2085 Σκύθας·
1081 2025 1325 2100 Δαρεῖον
1377 2022 1437 2082 δε
1490 2020 1555 2083 οὗ
1609 2022 1953 2099 δυνασθῆναι

347 2105 564 2173 Σκύθας
591 2110 756 2169 ἑλεῖν.
799 2135 973 2170 ουκων
1000 2109 1294 2190 δίκαιον’
1240 2136 1381 2171 ειναι
1413 2108 1637 2171 ἱστάναι
1663 2112 1952 2188 ἔμπροσθε

300 2253 307 2266 ,
343 2199 455 2256 τῶν
495 2196 702 2258 ἐκείνου
742 2195 1127 2276 ἀναθημάτων,
1168 2197 1251 2276 μή
1298 2224 1399 2260 ουκ
1443 2196 1952 2277 υπερβαλλόμενον

344 2288 499 2345 τοῖσι
552 2286 787 2368 ἔργοισι.
786 2284 818 2305 ”
901 2289 1140 2364 Δαρεῖον
1198 2286 1304 2363 μέν
1366 2312 1463 2348 νυν
1518 2284 1758 2368 λέγουσι
1809 2285 1952 2366 πρὸς

343 2379 522 2435 ταῦτα
548 2372 885 2456 συγγνώμην
910 2373 1283 2450 ποιήσασθαι·

224 2375 363 2521 111
426 2460 781 2539 Σεσώστριος
811 2463 871 2521 δὲ
905 2461 1362 2538 τελευτήσαντος,
1394 2460 1726 2533 ἐκδέξασθαι
1752 2463 1952 2544 ἔλεγον

345 2548 450 2626 τήν
479 2549 796 2626 βασιληιην
828 2550 928 2612 τόν
963 2552 1140 2611 παῖδα
1171 2550 1340 2611 αὐτοῦ
1372 2554 1580 2629 Φερῶν·
1619 2551 1720 2612 τόν
1746 2550 1950 2612 ἀποδέ-

255 2699 264 2702 fi
347 2637 556 2707 ξασθαι
595 2639 699 2716 μὲν
746 2636 1007 2715 οὐδεμίαν
1058 2639 1383 2717 στρατηίην,
1426 2634 1850 2720 συνενειχθῆναι
1889 2640 1951 2700 δὲ

347 2750 402 2784 οι
426 2723 648 2801 τυφλὸν
678 2726 944 2807 γενέσθαι
975 2725 1066 2786 διά
1104 2725 1319 2787 τοιόνδε
1353 2731 1607 2808 πρῆγμα·
1648 2731 1751 2787 τοῦ
1776 2754 1951 2789 ποτα-

346 2817 457 2890 μοῦ
494 2812 859 2878 κατελθόντος
898 2814 1145 2895 μέγιστα
1182 2813 1251 2890 δὴ
1289 2814 1419 2876 τότε
1460 2814 1547 2873 ἐπ’
1579 2814 1954 2876 όκτωκαίδεκα

348 2899 578 2980 πήχεας,
637 2900 709 2964 ώς
773 2899 1096 2979 ὑπερέβαλε
1157 2901 1259 2965 τοὶς
1315 2901 1569 2981 ἀρούρας,
1635 2903 1954 2982 πνεύματος

348 2987 707 3063 ἐμπεσόντος,
758 2989 1023 3066 κυματίης
1065 2989 1098 3050 ὅ
1140 2989 1393 3067 ποταμὸς
1435 2993 1670 3071 ἐγένετο·
1737 2991 1853 3053 τᾶν·
1891 2992 1956 3052 δὲ

347 3075 603 3152 βασιλέα
652 3076 889 3156 λέγουσι
938 3080 1140 3138 τοῦτον
1197 3076 1520 3157 ἀτασθαλίῃ
1571 3078 1956 3157 χρησάμενον,

349 3160 610 3234 λαβόντα
655 3164 864 3240 αἰχμήν
907 3164 1143 3238 βαλέειν
1191 3170 1247 3229 ἐς
1289 3167 1472 3243 μέσας
1509 3166 1612 3231 τοὶς
1656 3168 1811 3233 δίνας
1849 3172 1958 3230 τοῦ

348 3250 625 3312 ποταμοῦ·
706 3248 849 3324 μετὰ
900 3250 977 3321 δὲ,
1028 3251 1228 3312 αὐτίκα
1290 3251 1540 3332 καμόντα
1601 3253 1774 3317 αὗτὸν
1813 3263 1953 3323 τοῦς

248 1948 256 1956 ι

271 1893 282 2006 ,-,-

297 2185 304 2238 ---
