2184 3517
258 126 481 194 33—36]
838 122 1290 177 ΜΕΛΠΟΜΕΝΗ.
1760 126 1858 175 293

253 235 453 289 ρονται
477 208 571 271 καὶ
595 209 655 268 αἱ
682 204 843 285 κόραι
879 207 971 266 καὶ
995 209 1050 267 οἱ
1074 205 1267 270 παῖδες
1292 207 1347 266 οἱ
1373 205 1617 281 Δηλίων·
1657 207 1717 266 αἱ
1740 207 1862 282 μὲν,

255 298 373 376 πρᾶ
396 295 583 379 γάμου
601 294 898 372 πλόκαμον
925 292 1378 372 ἀποταμνόμεναι
1399 294 1491 353 καὶ
1509 293 1636 370 περὶ
1660 290 1861 371 ἄτρακ-

254 411 361 446 τον
402 385 701 455 εἱλίξασαι,
744 383 836 442 ἐπὶ
875 381 942 443 τό
991 385 1155 457 σῆμα
1193 383 1417 442 τιθεῖσι·
1471 380 1562 462 (τό
1592 382 1664 440 δὲ
1702 379 1863 457 σῆμά

258 477 390 533 ἐστι
414 473 525 532 ἔσω
552 476 607 535 ἐς
629 469 697 530 τὰ
722 468 1080 546 Ἀρτεμίσιον
1108 468 1317 529 ἐσιόντι
1342 466 1640 546 ἀριστερῆς
1655 466 1859 547 χειρός·

259 560 571 635 ἐπιπέφυκε
604 558 668 618 δέ
699 560 753 617 οἶ
786 556 991 635 ἐλαίη·)
1040 559 1095 616 οἱ
1135 556 1195 616 δὲ
1236 556 1430 618 παῖδες
1468 559 1580 615 τῶν
1618 555 1861 632 Δηλίων,

257 648 395 723 περὶ
431 645 616 726 χλόην
648 644 774 705 τινοὶ
806 645 1109 714 εἱλίξαντες
1138 648 1250 705 τῶν
1287 648 1508 724 τριχῶν,
1539 645 1859 722 προτιθεῖσι
1909 698 1915 702 .

260 735 360 793 καὶ
397 732 551 794 οὗτοι
581 733 674 794 ἐπὶ
710 732 780 793 τὸ
821 737 1001 809 σῆμα·
1054 730 1221 792 αὗται
1256 734 1361 810 μὲν
1400 732 1469 808 δή
1514 731 1722 808 ταύτην
1761 731 1864 808 τήν

258 821 437 898 τιμὴν
468 821 661 899 ἔχουσι
696 820 838 897 πρός
870 824 982 881 τῶν
1011 820 1210 896 Δήλου
1237 820 1555 898 οἰκητόρων.
1622 820 1777 881 Φασὶ
1800 819 1860 878 δὲ
1880 822 1955 879 35

261 911 327 968 οἱ
366 906 522 968 αύτοὶ
561 909 653 968 καὶ
690 907 795 985 τήν
821 905 1043 990 Ἀργην
1072 933 1137 968 τε
1177 908 1270 967 καὶ
1300 908 1405 983 τὴν
1429 907 1625 978 Ὦπιν,
1659 907 1861 971 ἐούσας

259 996 590 1073 παρθένους,
607 996 671 1067 ἐξ
690 994 1083 1073 Ὑπερβορέων
1103 995 1243 1055 κατοῖ
1268 994 1397 1060 τούς
1422 995 1621 1059 αὐτούς
1632 995 1862 1059 τούτους

261 1081 588 1162 ἀνθρώπους
612 1083 986 1162 πορευομένας
1011 1082 1315 1144 ἀπικέσθαι
1340 1089 1397 1147 ἐς
1418 1087 1613 1159 Δῆλον
1628 1084 1708 1143 ἔτι
1727 1083 1865 1160 πρό-

259 1195 434 1248 τερον
453 1170 763 1251 Ὑπερόχης
784 1196 849 1231 τε
875 1172 967 1230 καὶ
991 1171 1288 1247 Λαοδίκης·
1322 1168 1526 1233 ταύτας
1549 1170 1655 1247 μέν
1672 1194 1770 1231 νυν
1786 1174 1860 1250 τῇ

262 1259 559 1339 Εἰλειθυίῃ
584 1259 983 1337 ἀποφερούσας
1007 1258 1134 1320 ἀντὶ
1158 1264 1259 1319 τοῦ
1286 1258 1561 1319 ὠκυτόκου
1584 1258 1686 1320 τᾶν
1706 1258 1860 1330 ἐτόξ-

267 1371 409 1407 αντο
447 1347 627 1425 φόρον
665 1347 984 1408 ἀπικέσθαι*
1035 1346 1142 1424 τήν
1179 1347 1241 1409 δὲ
1268 1345 1488 1429 Ἀργην
1524 1372 1589 1407 τε
1634 1347 1727 1406 καὶ
1763 1345 1867 1423 τήν

257 1432 440 1496 Ὦπιν
471 1433 590 1512 ἅμα
625 1434 847 1496 αύτοῗσι
874 1438 1028 1495 τοῖσι
1059 1436 1245 1495 θεοῖσι
1278 1434 1579 1496 ἀπικέσθαι
1613 1435 1866 1515 λέγουσι,

270 1523 374 1582 καί
393 1529 504 1599 σφι
528 1523 695 1601 τιμάς
720 1521 902 1587 ἄλλας
928 1522 1195 1584 δεδόσθαι
1218 1523 1359 1602 πρός
1383 1524 1596 1600 σφέων·
1639 1522 1731 1582 καὶ
1752 1522 1866 1605 γὰρ

267 1608 513 1691 ἀγείρειν
541 1617 654 1688 σφι
685 1610 788 1681 τοῖς
820 1614 1101 1693 γυναῖκας,
1127 1611 1585 1689 ἐπονομαζούσας
1610 1610 1684 1672 τά
1713 1609 1868 1670 οὗνό-

269 1723 426 1775 ματα
452 1704 511 1759 ἐν
527 1702 604 1778 τῷ
620 1697 773 1779 ὕμνῳ
790 1698 890 1761 τόν
904 1706 1017 1776 σφι
1037 1699 1218 1776 Ὠλήν
1232 1698 1372 1776 ἀνὴρ
1390 1696 1594 1763 Λύκιος
1613 1698 1864 1774 ἐποίησε·

271 1785 428 1862 παρά
470 1786 529 1847 δὲ
575 1787 769 1863 σφέων
807 1786 1087 1864 μαθόντας
1129 1786 1403 1864 νησιώτας
1444 1813 1510 1848 τε
1553 1788 1645 1846 καὶ
1675 1785 1871 1850 Ἴωνας

270 1871 492 1949 ὑμνέειν
515 1873 695 1935 Ὦπίν
738 1900 802 1935 τε
843 1875 936 1935 καὶ
971 1874 1207 1955 Ἀργην,
1254 1874 1628 1953 ὀνομάζοντάς
1670 1899 1734 1935 τε
1777 1874 1871 1934 καὶ

273 1960 615 2042 ἀγείροντας·
655 1960 844 2043 (οὗτος
879 1963 940 2022 δὲ
965 1962 998 2023 ό
1022 1962 1204 2039 Ὠλήν
1231 1963 1324 2023 καὶ
1345 1963 1480 2027 τούς
1504 1963 1717 2026 ἄλλους
1739 1961 1871 2026 τούς

265 2049 550 2114 παλαιούς
587 2049 790 2128 ὕμνους
839 2051 1071 2127 ἐποίησε
1125 2056 1188 2111 ἐκ
1238 2052 1446 2128 Λυκίης
1500 2050 1693 2123 ε’λθῶν,
1740 2051 1872 2115 τούς

274 2136 622 2215 ἀειδομένους
654 2143 713 2199 ἐν
745 2138 967 2218 Δήλῳ)
1007 2140 1102 2199 καὶ
1131 2142 1243 2198 τῶν
1272 2140 1484 2216 μηρίων
1510 2139 1870 2220 καταγιζομέ-

275 2250 383 2288 νων
408 2227 500 2286 ἐπὶ
525 2230 603 2306 τῷ
623 2228 801 2305 βωμῷ
825 2227 930 2301 τὴν
955 2226 1190 2296 σποδόν,
1217 2225 1425 2302 ταύτην
1452 2228 1544 2285 ἐπὶ
1566 2227 1670 2302 τὴν
1696 2225 1873 2302 θήκην

273 2317 378 2388 τῆς
391 2312 596 2377 Ὤπιός
632 2339 696 2374 τε
728 2314 821 2373 καὶ
843 2311 1060 2395 Ἀργης
1096 2313 1536 2390 ἀναισιμοῦσθαι
1562 2315 1869 2390 ἐπιβαλλο-

274 2402 466 2477 μένην·
507 2401 547 2478 ἤ
578 2401 637 2460 δὲ
675 2400 823 2478 θήκη
855 2402 1062 2463 αὐτέων
1100 2402 1225 2462 ἐστὶ
1254 2400 1459 2463 ὄπισθε
1482 2406 1586 2462 τοῦ
1619 2400 1872 2479 Ἀρτεμι-

277 2489 425 2560 σίου,
473 2489 613 2565 πρὸς
652 2488 736 2564 ἦῶ
779 2490 1146 2567 τετραμμένη,
1193 2488 1485 2571 ἀγχοτάτω
1526 2493 1629 2550 τοΐ
1682 2490 1870 2566 Κηΐων

277 2577 640 2656 ἱστιητορίου.
708 2577 825 2637 Καὶ
858 2582 1034 2638 ταῦτα
1067 2579 1173 2654 μὲν
1210 2577 1600 2656 Ὑπερβορέων
1634 2578 1763 2655 πέρι
1801 2583 1871 2637 εἰ·
1890 2579 1966 2638 36

274 2663 492 2741 ρήσθω·
533 2664 633 2725 τᾶν
655 2664 768 2746 γάρ
793 2666 923 2744 περὶ
945 2664 1219 2743 Ἀβάριος
1242 2665 1419 2747 λόγον
1441 2671 1542 2728 τοῦ
1567 2666 1873 2747 λεγομένου

277 2751 420 2811 εἶναι
460 2750 821 2831 Ὑπερβορέω
862 2751 928 2814 ού
974 2753 1142 2834 λέγω,
1190 2755 1372 2836 λέγων
1413 2754 1486 2820 ὦς
1532 2755 1635 2817 τόν
1680 2755 1875 2816 ὀϊστὸν

275 2840 572 2918 περιέφερε
597 2841 740 2900 κατά
762 2844 957 2901 πᾶσαν
979 2841 1087 2916 τὴν
1110 2846 1221 2921 γῆν
1246 2841 1406 2903 οὐδὲν
1431 2843 1770 2921 σιτεόμενος.
1826 2846 1886 2903 εἴ

278 2925 342 2985 δέ
366 2927 484 2986 εἶσί
503 2952 647 2993 τινες
669 2927 1041 3006 ’Υπερβόρεοι
1066 2927 1363 3005 ἅνθρωποι,
1392 2931 1504 2991 εἰσὶ
1530 2932 1623 2991 καὶ
1647 2931 1877 3010 ύπερνό-

275 3039 387 3074 τιοι
412 3013 603 3076 ἄλλοι·
640 3019 793 3097 γελῶ
817 3017 878 3076 δὲ
904 3016 1075 3094 ὁρέων
1098 3021 1207 3097 γῆς
1239 3017 1527 3094 περιόδους
1555 3019 1880 3100 γράψαντας

276 3103 533 3167 πολλοῦς
566 3102 692 3181 ἤδη,
726 3104 821 3163 καὶ
852 3103 964 3163 οὐδ’
999 3105 1098 3166 ἕνα
1131 3103 1261 3164 νόον
1300 3104 1500 3183 ἔχοντα
1532 3108 1878 3188 ἐξηγησάμε-

277 3215 394 3251 νον·
437 3190 491 3251 οἳ
525 3189 793 3252 Ὠκεανόν
815 3216 879 3251 τε
905 3191 1105 3267 ῥέοντα
1135 3189 1428 3273 γράφουσι
1451 3192 1618 3269 πέριξ
1639 3195 1745 3269 τὴν
1767 3199 1880 3274 γῆν

277 3281 488 3339 ἐοῦσαν
528 3279 863 3357 κυκλοτερέα
904 3277 977 3343 ὥς
1015 3278 1130 3339 α’πὸ
1168 3278 1383 3357 τόρνου,
1413 3281 1507 3339 καὶ
1537 3278 1643 3355 τήν
1675 3278 1880 3353 Ἀσίην
