2184 3517
295 96 522 164 49—52]
961 100 1232 150 ΘΔΔΕῙΔ.
1808 104 1907 153 225

294 183 406 258 μὲν
444 179 835 258 πρεσβύτερος
869 178 1050 241 αὐτῶν
1073 186 1140 240 -ἐν
1176 180 1356 241 οὐδενὶ
1389 180 1544 262 λόγῳ
1581 180 1908 258 ἐποιήσατο·

296 267 332 329 ὁ
386 268 450 328 δὲ
500 268 764 345 νεώτερος
813 273 890 347 τῷ
942 266 1153 343 οὕνομα
1198 267 1269 343 ἤν
1313 269 1644 346 Λυκόφρων,
1685 268 1910 351 ἤλγησε

295 355 554 419 ἀκούσας
587 355 729 416 οὕτω
757 355 902 416 ὥστε
936 355 1270 432 ἀπικόμενος
1298 361 1353 419 ἐς
1376 356 1482 431 τὴν
1508 356 1789 434 Κόρινθον
1813 359 1911 418 ἅτε

294 445 484 521 φονέα
513 448 615 520 τῆς
648 443 861 521 μητρός
883 443 985 504 τόν
1010 444 1225 521 πατέρα
1250 443 1378 504 οὔτε
1404 448 1697 521 προσεῖπε,
1727 446 1909 506 διαλε-

290 534 522 613 γομένῳ
558 557 622 593 τε
662 531 790 593 οὔτε
828 531 1268 612 προσδιελέγετο
1305 533 1622 609 ἱστορέοντί
1642 558 1705 593 τε
1731 533 1910 616 λόγον

292 619 502 680 οὐδένα
543 621 744 681 ἐδίδου·
786 621 952 684 τέλος
993 620 1056 680 δέ
1091 645 1191 697 μιν
1220 621 1351 696 πέρι
1387 621 1542 699 θυμῷ
1581 621 1844 701 ἐχόμενος
1874 622 1908 683 ό

293 708 647 785 Περίανδρος
682 707 961 777 ἐξελαύνει
1001 713 1062 767 ἐκ
1090 711 1204 768 τῶν
1235 710 1438 768 οἰκίων.
1505 708 1820 779 Ἐξελάσας
1847 711 1906 771 δέ
1922 713 1998 771 51

287 800 519 866 τοῦτον,
562 795 783 873 ἱστόρεε
818 794 919 856 τὸν
958 796 1350 873 πρεσβύτερον
1381 795 1455 855 τά.
1494 803 1606 873 σφι
1642 796 1674 857 ὁ
1704 824 1908 877 μητρο-

287 883 498 961 πάτωρ
534 883 815 963 διελέχθη·
858 882 891 944 ὁ
918 883 981 942 δέ
1016 887 1070 944 οἳ.
1103 883 1382 965 οἷπηγέετο
1415 883 1486 947 ὥς
1520 891 1706 961 σφεας
1742 891 1908 962 φιλο·

288 971 525 1048 φρόνως
575 971 819 1041 ἐδέξατο·
887 972 1097 1031 ἐκείνου
1143 972 1205 1030 δὲ
1253 975 1355 1032 τοῦ
1409 972 1567 1035 ἔπεος
1610 971 1678 1032 τό
1719 979 1832 1049 σφι
1874 973 1907 1034 ὅ

290 1063 575 1135 Προκλῆς
613 1058 986 1120 ἀποστέλλων
1017 1059 1153 1132 εἶπε,
1185 1059 1283 1119 ἅτε
1316 1057 1381 1119 οὗ
1413 1057 1522 1139 νόῳ
1561 1059 1776 1135 λαβών,
1806 1059 1906 1121 οὐκ

294 1148 599 1223 ἐμέμνητο·
667 1147 1007 1225 Περίανδρος
1060 1147 1121 1206 δὲ
1175 1146 1435 1224 οὐδεμίαν
1485 1146 1746 1225 μηχανήν
1796 1149 1908 1224 ἔφη

295 1235 449 1295 εἶναι
476 1235 556 1312 μὴ
596 1234 663 1295 οὔ
698 1242 812 1310 σφι
845 1239 1053 1296 ἐκεῖνον
1087 1234 1405 1294 ὖποθέσθαι
1439 1259 1512 1305 τι,
1551 1233 1815 1311 ἐλιπάρεέ
1842 1260 1907 1295 τε

295 1325 593 1400 ἱστορέων·
636 1322 669 1383 ὅ
696 1323 765 1387 δὲ,
783 1322 1160 1400 ἀναμνησθεὶς
1187 1322 1307 1382 εἶπε
1334 1321 1432 1396 καὶ,
1448 1324 1637 1382 τοῦτο·
1670 1323 1909 1399 Περίαν-

294 1412 438 1489 δρος
470 1411 530 1470 δέ
566 1410 673 1491 νόῳ
698 1409 899 1487 λαβὼν
927 1411 1019 1470 καὶ
1042 1414 1212 1470 τοῦτο
1239 1412 1331 1469 καὶ
1355 1409 1614 1488 μαλακὰν
1640 1410 1909 1470 ἐνδιδόναι

292 1499 655 1576 βουλόμενος
694 1499 868 1569 οὐδὲν,
910 1496 950 1577 ᾗ
990 1497 1025 1558 ὅ
1067 1499 1390 1568 ἐξελασθεὶς
1426 1498 1520 1558 ὕπ’
1560 1497 1732 1559 αὐτοῦ
1773 1501 1908 1563 παῖς

294 1588 522 1648 δίαιταν
546 1588 793 1647 ἐποιέετο
821 1591 877 1650 ἐς
901 1585 1132 1650 τούτους
1158 1588 1392 1665 πέμπων
1410 1584 1672 1667 ἄγγελον,
1694 1586 1908 1668 οἷπηγό·

291 1700 433 1753 ρευε
463 1675 545 1752 μή
573 1699 672 1751 μιν
707 1675 970 1735 δέκεσθαι
1001 1676 1249 1734 οἰκίοισι·
1292 1674 1325 1735 ὅ
1344 1675 1411 1734 δὲ
1436 1673 1574 1737 ὅκως
1600 1674 1908 1735 ἀπελαυνό-

292 1790 470 1841 μενος
499 1764 668 1824 ιἔλθοι
694 1768 749 1827 ἐς
776 1762 965 1838 ἄλλην
991 1765 1188 1843 οἰκίην,
1216 1761 1540 1823 ἅπελαύνετ’
1568 1760 1637 1823 ἂν
1664 1764 1758 1822 καὶ
1789 1763 1904 1824 α’πό

289 1851 522 1927 ταύτης,
559 1849 942 1932 (ἀπειλέοντός
970 1877 1035 1912 τε
1063 1855 1165 1911 τοῦ
1206 1850 1549 1928 Περιάνδρου
1572 1855 1728 1912 τοῖσι
1753 1852 1908 1922 δεξα-

213 2006 224 2010 ,
291 1941 527 2018 μένοισι
565 1939 658 1998 καὶ
699 1939 943 2019 ἐξέργειν
977 1938 1347 2019 κελεύοντος,)
1376 1938 1824 2018 ἀπελαυνόμενος
1859 1939 1908 1999 δ’

234 2057 243 2063 ·
292 2027 373 2089 ἂν
399 2026 484 2103 ἤϊε
512 2026 597 2088 ἐπ’
627 2028 818 2105 ἑτέρην
842 2030 953 2087 τῶν
980 2028 1226 2104 ἑταίρων·
1270 2029 1324 2085 οἱ
1349 2028 1409 2086 δὲ
1434 2027 1532 2086 ἅτε
1558 2027 1907 2106 Περιάνδρου

292 2116 470 2176 ἐόντα
493 2115 667 2176 παῖδα
692 2116 890 2192 καίπερ
915 2114 1286 2192 δειμαίνοντες
1310 2114 1459 2191 ὅμως
1479 2115 1749 2176 ἐδέκοντο.
1809 2117 1906 2175 Τέ-
1922 2118 1996 2176 52

291 2208 411 2267 λος
448 2204 507 2262 δὲ
543 2203 576 2264 ὁ
613 2202 955 2280 Περίανδρος
995 2201 1254 2283 κήρυγμα
1296 2201 1620 2278 ἐποιήσατο,
1657 2202 1721 2266 ὃς
1755 2200 1825 2262 ἂν
1861 2202 1900 2279 ἢ

292 2292 534 2353 οἰκίοισι
557 2290 898 2365 ὕποδέξηταί
916 2314 1016 2366 μιν
1040 2287 1078 2365 ἢ
1104 2289 1548 2368 προσδιαλεχθῇ,
1568 2288 1691 2366 ἰρῆν
1707 2288 1908 2365 ζημίην

290 2384 506 2442 τοῦτον
525 2384 604 2459 τῷ
626 2373 948 2438 Ἀπόλλωνι
986 2376 1259 2454 ὀφείλειν,
1287 2375 1431 2453 ὅσην
1456 2377 1525 2452 δὴ
1554 2376 1727 2438 εἴπας·
1767 2377 1909 2454 πρός

295 2468 385 2528 ὧν
424 2468 494 2544 δὴ
532 2470 702 2528 τοῦτο
739 2465 817 2526 τὰ
850 2464 1126 2548 κήρυγμα,
1166 2464 1295 2526 οὔτε
1330 2468 1416 2529 τίς
1452 2468 1506 2525 οἶ
1546 2464 1907 2545 διαλέγεσθαι

294 2554 437 2618 οὔτε
476 2556 701 2615 οἰκίοισι
741 2554 1002 2615 δέκεσθαι
1039 2552 1233 2629 ἤθελε·
1284 2553 1427 2630 πρὸς
1466 2554 1541 2625 δὲ,
1575 2551 1702 2612 οὐδὲ
1741 2550 1907 2616 αὐτὸς

294 2645 511 2707 ἐκεῖνος
552 2642 787 2702 ἐδικαίευ
825 2642 1135 2719 πειρᾶσθαι
1172 2641 1559 2719 ἀπειρημένου,
1596 2639 1752 2700 ἀλλαῖ
1792 2640 1907 2699 δια-

295 2731 608 2809 καρτερέων
645 2734 708 2790 ἐν
743 2733 881 2807 τῇσι
920 2734 1134 2809 στοῇσι
1174 2730 1538 2790 ἐκαλινδέετο·
1577 2729 1816 2809 τετάρτῃ
1855 2728 1902 2788 δ’

291 2819 486 2898 ἡμέρῃ
524 2817 650 2878 ἰδών
673 2842 772 2893 μιν
795 2816 829 2876 ὁ
867 2817 1210 2895 Περίανδρος
1241 2817 1556 2896 ἀλουσίῃσί
1574 2843 1638 2879 τε
1665 2819 1757 2877 καὶ
1781 2817 1907 2878 οἶσι-

290 2907 463 2985 τίῃσι
502 2904 968 2983 συμπεπτωκότα,
1011 2906 1264 2983 oin-rape»
1315 2905 1472 2969 ὑπεὶς
1511 2906 1572 2964 δέ
1601 2909 1703 2981 τῆς
1734 2904 1907 2986 ὀργῆς

291 2994 396 3073 ἤϊε
434 2992 622 3054 ἆσσον
654 2994 748 3053 καὶ
781 2994 961 3073 ἔλεγε·
1002 3002 1039 3028 “
1055 2992 1099 3051 ὦ
1127 2996 1247 3062 παῖ,
1281 2992 1481 3070 κότερα
1513 2993 1722 3053 τούτων
1758 2995 1903 3069 αἶρε·
1955 3056 1965 3064 ,

291 3079 517 3159 τῶτερά
558 3087 699 3151 ἐστι,
738 3084 918 3141 ταῦτα
955 3078 1030 3139 τοὶ
1067 3082 1167 3139 νῦν
1205 3081 1345 3158 ἔχων
1383 3080 1680 3156 πρήσσεις,
1721 3078 1759 3154 ἢ
1796 3080 1903 3155 τὴν

293 3170 601 3249 τυραννῶα
657 3169 751 3230 καὶ
812 3167 997 3249 ἀγαθοὶ
1049 3165 1124 3227 τὰ
1168 3170 1266 3226 νῦν
1318 3167 1424 3247 ἐγὼ
1476 3168 1600 3246 ἔχω,
1665 3165 1906 3249 [ταῦτα,]

294 3257 469 3318 ἐόντα
504 3264 584 3338 τῷ
621 3257 794 3334 πατρὶ
834 3256 1124 3332 ἐπιτήδεον
1162 3254 1656 3330 παραλαμβάνειν;
1702 3253 1767 3317 ὃς
1805 3252 1910 3314 ἐῶν
