2184 3517
323 88 421 137 288
918 95 1288 145 ἨΡΟΔΟΤΟΤ
1792 93 1924 157 [IV.

229 171 303 229 21
405 166 612 231 Τοῖναῖν
636 169 697 231 δὲ
718 169 975 249 ποταμὸν
999 169 1262 245 διαβάντι
1287 168 1472 231 οὖκέτι
1497 169 1763 247 Σκυθικὴ,
1789 171 1929 232 ἀλλ’

323 257 362 335 ἦ
392 261 496 334 μὲν
528 257 721 337 πρώτη
759 262 869 320 τῶν
899 259 1108 330 λαξίων
1142 258 1604 337 Σαυροματέων’
1578 259 1723 319 εστί·
1768 285 1825 319 οι
1865 266 1931 321 ἐκ

323 349 427 406 τοῦ
449 350 634 425 μυχοῦ
659 344 958 424 ἀρξάμενοι
974 350 1076 421 τῆς
1081 345 1400 456 Μαιήτιδος
1425 347 1644 421 λίμνης,
1664 346 1932 422 νέμονται

324 433 391 495 τό
426 433 568 511 πρός
595 433 858 510 βορῆν”
818 459 1023 510 ανεμον
1059 433 1310 511 ἡμερέων
1339 431 1733 493 πεντεκαίδεκα
1774 433 1930 506 όδόν,

322 525 517 581 πᾶσαν
569 524 775 581 ἐοῦσαν
813 521 990 600 ψιλην
1030 521 1125 580 καὶ
1170 519 1377 602 οἷγρίων
1416 521 1510 579 καὶ
1548 519 1769 597 ἡμέρων
1810 521 1930 583 δεν-

325 608 512 684 δρέων·
590 606 978 686 ὕπεροικέουσι
1045 608 1107 668 δὲ
1167 606 1376 669 τούτων
1438 608 1698 684 δευτέρην
1762 607 1932 678 λάξιν

326 696 543 775 ἔχοντες
587 696 859 766 Βουδῖνοι,
884 701 996 777 γῆν
1025 695 1320 776 νεμόμενοι
1348 699 1543 756 πᾶσαν
1574 694 1786 772 δασέην
1814 694 1931 777 ὕλῃ

230 784 307 843 22
329 784 585 863 παντοίῃ·
626 784 902 844 Βουδίνων
942 785 1001 843 δὲ
1041 783 1349 860 κατύπερθε
1387 782 1530 860 πρός
1566 785 1770 860 βορῆν,
1803 785 1931 845 ἔστι

329 870 521 984 πρώτη
550 872 655 948 μὲν
688 875 893 950 ε’ρῆμος
934 870 1017 930 ἐπ’
1042 870 1292 948 ἡμερέων
1330 870 1469 931 ἔπτοὶ
1509 870 1659 941 ὁδὸν,
1686 870 1836 947 μετοὶ
1867 872 1931 933 δὲ

323 959 429 1035 τὴν
480 963 701 1037 ε’ρῆμον,
741 956 1102 1019 αποκλίνοντι
1138 962 1368 1035 μᾶλλον
1405 958 1547 1036 πρὸς
1597 957 1931 1037 ἀπηλιώτην

326 1046 545 1124 ἄνεμον,
596 1048 855 1125 νέμονται
904 1047 1288 1127 Θυσσαγέται,
1342 1048 1497 1109 ἔθνος
1551 1047 1777 1107 πολλον
1834 1049 1930 1108 καὶ

324 1134 482 1195 ἴδιον·
524 1134 729 1207 ζώουσι
760 1135 820 1195 δὲ
859 1134 972 1196 οἷπό
1012 1132 1206 1211 θήρης.
1286 1135 1545 1214 συνεχέες
1579 1135 1641 1195 δὲ
1668 1134 1931 1197 τούτοισι

327 1226 388 1282 ε’ν
423 1227 576 1283 τοῖσι
628 1222 850 1284 αὐτοῖσι
899 1222 1130 1283 τόποισι
1170 1224 1558 1298 κατοικημένοι
1608 1223 1723 1282 εἰσὶ
1771 1228 1931 1286 τοῖσι

329 1309 540 1389 οὕνομα
576 1313 752 1371 κείται
774 1310 1000 1390 Ἰὓρκαι,
1029 1310 1123 1369 καὶ
1159 1307 1313 1370 οὗτοι
1351 1309 1465 1370 ‹in-6
1497 1310 1671 1386 θήρης
1696 1311 1930 1382 ζώοντες

325 1396 514 1478 τρόπῳ
552 1400 760 1479 τοιῷδε·
800 1402 953 1479 λοχᾷ
993 1399 1086 1459 ἐπὶ
1110 1397 1390 1474 ,δένδρεον
1433 1395 1669 1473 οἷναβοῖς·
1727 1398 1825 1478 (τὰ
1864 1400 1931 1461 δέ

327 1490 452 1545 ε’στι
476 1485 657 1545 πυκνοὶ
682 1485 791 1549 οἷνοὶ
814 1490 1008 1547 πᾶσαν
1030 1485 1137 1563 τήν
1161 1484 1392 1565 χώρην·)
1422 1484 1590 1548 ἵππος
1609 1484 1669 1544 δὲ
1690 1485 1927 1567 ἑκάστῳ,

328 1572 712 1654 δεδιδαγμένος
778 1575 872 1633 ἐπὶ
935 1575 1191 1656 γαστέρα
1243 1573 1467 1633 κεῖσθαι
1529 1573 1929 1650 ταπεινότητος

329 1660 526 1731 εἵνεκα,
567 1660 783 1739 ἔτοῖμός
823 1666 962 1733 ἐστι,
1004 1663 1100 1722 καὶ
1138 1659 1296 1722 κύων
1353 1658 1523 1719 ἐπεὰν
1556 1659 1618 1718 δὲ
1654 1658 1829 1740 ἀπίδῃ
1854 1662 1930 1722 vd

328 1749 523 1827 θηρίον
562 1747 675 1810 «ivd
713 1754 813 1809 τοῦ
853 1749 1124 1829 δενδρέου,
1149 1747 1421 1819 τοξεύσας
1460 1746 1553 1806 καὶ
1594 1748 1804 1824 ἐπιβὰς
1833 1751 1930 1809 ἐπὶ

327 1836 426 1896 τόν
459 1837 629 1897 ἵππον
669 1837 866 1909 διώκει,
895 1839 989 1897 καὶ
1020 1838 1054 1898 ό
1086 1837 1228 1897 κύων
1266 1837 1465 1916 ἔχεται.
1548 1834 1691 1913 ὑπὲρ
1719 1836 1782 1896 δὲ
1804 1836 1929 1897 τοῦ-

325 1948 450 1995 των,
485 1923 553 1984 τὰ
592 1925 733 2002 πρὸς
764 1926 868 2001 τὴν
900 1925 984 2002 ἦῶ
1021 1924 1383 1985 ἀποκλίνοντι
1421 1923 1668 1983 οἰκέουσι
1711 1924 1930 1989 Σκύθαι

327 2010 517 2083 ἄλλοι,
542 2011 656 2073 οἷπὸ
682 2017 792 2074 τῶν
816 2014 1139 2090 βασιληΐων
1167 2013 1422 2074 Σκυθέων
1455 2009 1807 2076 ἀποστάντες
1830 2013 1929 2072 καὶ

331 2098 474 2160 οὕτω
499 2099 827 2178 ἀπικόμενοι
852 2106 908 2165 ἐς
932 2105 1135 2161 τοῦτον
1158 2098 1259 2160 τόν
1283 2103 1488 2178 χῶρον.

230 2191 309 2249 23
406 2190 596 2268 Μέχρι
634 2191 738 2266 μὲν
778 2188 846 2264 δὴ
884 2192 986 2265 τῆς
1025 2186 1235 2247 τούτων
1272 2190 1384 2246 τῶν
1424 2185 1681 2251 Σκυθέων
1719 2186 1927 2266 χώρης,

323 2277 448 2337 ἔστι
478 2277 517 2354 ἦ
554 2278 968 2355 καταλεχθεῖσα
1002 2278 1168 2335 πᾶσα
1201 2274 1392 2338 πεδιάς
1428 2299 1490 2334 τε
1518 2278 1596 2355 γῆ
1623 2274 1718 2333 καὶ
1742 2275 1929 2350 βαθύ-

323 2389 470 2444 γεος·
509 2364 577 2425 τό
609 2364 656 2424 δ’
684 2363 796 2424 οἷπό
828 2363 1042 2433 τούτου,
1068 2363 1311 2438 λιθώδης
1339 2361 1388 2422 τ’
1416 2363 1540 2449 ἐστὶ
1571 2362 1666 2420 καὶ
1690 2363 1928 2441 τρηχέη.

325 2451 662 2523 διεξελθόντι
687 2452 748 2511 δὲ
774 2452 867 2511 καὶ
889 2456 990 2527 τῆς
1027 2451 1266 2529 τρηχέης
1298 2454 1482 2528 χῶρον
1515 2449 1758 2521 πολλὰν,
1785 2452 1929 2510 οἶκέ·

326 2564 455 2599 ουσι
491 2539 743 2618 ὖπώρεαν
783 2539 984 2618 οὐρέων
1029 2538 1265 2649 υψηλῶν
1305 2536 1584 2615 ἅνθρωποι
1624 2536 1931 2619 λεγόμενοι

327 2626 465 2686 εἶναι
516 2628 717 2691 πάντες
769 2626 1055 2704 φαλακροὶ
1110 2631 1172 2685 ἐκ
1221 2628 1416 2707 γενεῆς
1463 2624 1765 2705 γινόμενοι,
1828 2626 1928 2684 καὶ

325 2715 540 2790 ἔρσενες
591 2716 685 2773 καὶ
731 2715 932 2790 θήλεαι
976 2714 1196 2791 ὁμοίως,
1244 2712 1339 2772 καὶ
1388 2711 1551 2788 σιμοὶ
1597 2713 1691 2771 καὶ
1734 2712 1927 2793 γένεια

324 2804 539 2879 ἔχοντες
589 2800 828 2881 μεγάλα,
871 2801 1063 2879 φωνήν
1103 2801 1163 2861 δὲ
1216 2801 1358 2877 ἰδίην
1413 2800 1581 2862 ἱέντες
1620 2799 1821 2873 ε’σθῆτι
1859 2800 1928 2859 δε

322 2888 624 2965 χρεώμενοι
664 2890 926 2968 Σκυθικῇ,
970 2890 1167 2960 ζῶντες
1208 2888 1269 2948 δὲ
1309 2886 1422 2947 οἷπό
1466 2886 1744 2963 δενδρέων·
1785 2911 1925 2946 πον·

321 2975 475 3033 τικόν
498 2977 602 3051 μὲν
626 2974 837 3051 οὔνομα
860 2980 937 3053 τῷ
963 2975 1192 3055 δενδρέῳ
1218 2974 1333 3035 α’,πὸ
1363 2977 1464 3035 τοῦ
1490 2974 1646 3045 ζῶσι,
1672 2974 1929 3055 μέγαθος

324 3056 384 3114 δὲ
424 3060 564 3118 κατοὶ
618 3063 823 3135 συκέην
874 3062 1134 3138 μάλιστά
1187 3088 1275 3139 κη·
1345 3061 1559 3139 καρπὸν
1610 3060 1671 3121 δὲ
1726 3062 1929 3172 φορέει

327 3163 511 3219 κυαμω
552 3146 695 3214 ἴσον,
736 3152 954 3222 πυρῆνα
994 3148 1123 3207 δὲ’
1096 3175 1227 3229 εχει·
1274 3154 1442 3210 τοῦτο
1483 3149 1651 3209 ἐπεοὶν
1689 3149 1929 3230 γένηται

324 3226 519 3291 πέπον,
558 3233 863 3291 σακκέουσι
903 3236 1193 3308 ἱματίοισι·
1234 3236 1498 3317 οἷπορρέει
1528 3235 1645 3297 δ”
1608 3233 1705 3296 απ’
1743 3235 1931 3298 αὐτοῦ
