2184 3517
228 133 514 195 140—145]
842 132 1296 186 MEAIIOMENH.
1580 158 1588 163 -
1744 134 1838 186 337

226 240 408 290 μενοι,
451 213 541 271 καὶ
580 212 648 273 τὸ
693 212 946 289 δεύτερον
976 212 1229 288 ἥμαρτον
1254 217 1365 272 τῶν
1389 214 1679 291 Περσέων.
1748 216 1840 274 καὶ

225 305 401 361 τοῦτο
441 304 545 378 μὲν
586 299 658 363 ὥς
701 300 889 363 ἐόντας
926 300 1122 362 Ἴωνας
1164 301 1500 377 ἐλευθέρους,
1545 304 1839 367 κακίστους

225 415 294 448 τε
337 391 430 449 καὶ
477 387 914 465 ἀνανδροτάτους
963 389 1217 464 κρίνουσι
1263 387 1400 447 εἶναι
1445 389 1701 450 ἁπάντων
1748 389 1836 450 άν-

228 476 484 555 θρῶπων·
543 481 711 536 τοῦτο
752 475 812 534 δὲ
854 475 925 538 ὦς
966 474 1180 535 δούλων
1231 474 1471 558 [Ἰώνων]
1521 476 1621 537 τᾶν
1660 477 1837 558 λόγον

226 565 563 641 ποιεύμενοι,
636 563 957 640 ἀνδράποδα
1018 563 1413 640 φιλοδέσποτά
1479 570 1629 640 φασι
1698 565 1838 626 εἶναι

229 654 325 712 καὶ
365 651 619 731 ἄδρηστα
658 651 934 729 μάλιστα.
1001 657 1180 713 ταῦτα
1214 654 1318 730 μὲν
1365 652 1433 729 δή
1483 650 1738 733 Σκύθῃσὶ.
1777 659 1834 719 ἐς

215 741 417 803 Ἴωνας
443 740 797 818 ἀπέρριπται.

314 833 551 906 Δαρεῖος
592 828 653 887 δὲ
699 828 789 886 διοὶ
834 832 936 904 τῆς
978 828 1222 904 Θρηίκης
1261 828 1648 906 πορευόμενος,
1691 829 1932 890 ἅττ-143

229 918 380 976 ίκετο
434 922 490 980 ἐς
544 915 770 992 Σηστὸν
828 920 929 993 τῆς
994 915 1388 993 Χερσονήσου.
1472 918 1721 977 ἐνθεῦτεν
1774 918 1833 977 δὲ

227 1003 396 1068 αὐτὸς
433 1007 538 1081 μὲν
579 1004 743 1080 διέβη
782 1009 919 1082 τῇσι
956 1004 1127 1079 νηυσὶ
1168 1007 1223 1066 ἐς
1262 1004 1367 1079 τὴν
1405 1001 1623 1079 Ἀσίην,
1651 1005 1834 1064 λείπει

228 1093 290 1151 δὲ
339 1092 660 1173 στρατηγὸν
709 1097 766 1153 ἐν
818 1096 890 1171 τῇ
938 1091 1188 1171 Εὐρώπῃ
1246 1091 1617 1173 Μεγάβαζον,
1662 1091 1835 1171 ἄνδρα

228 1180 484 1258 Πέρσην·
523 1185 601 1260 τῷ
628 1181 865 1257 Δαρεῖός
897 1206 1026 1240 κοτε
1059 1180 1222 1239 ἔδωκε
1247 1180 1414 1261 γέρας
1437 1179 1652 1239 τοιόνδε
1679 1181 1835 1245 εἴπας

227 1272 289 1328 ἐν
331 1269 597 1346 Πέρσῃσι
640 1269 787 1330 ἔπος·
847 1266 1174 1345 ὦρμημένου
1216 1268 1457 1344 Δαρείου
1503 1266 1659 1345 ῥοιὰς
1696 1267 1832 1345 τρώ-

224 1381 364 1435 γειν,
410 1356 481 1419 ὦς
533 1355 717 1425 ἄνοιξε
768 1354 1016 1434 τάχιστα
1063 1355 1169 1431 τήν
1214 1355 1439 1432 πρώτην
1482 1358 1594 1414 τῶν
1638 1357 1831 1432 ῥοιέων

227 1443 406 1520 εἴρετο
438 1442 608 1504 αὐτὸν
645 1443 675 1504 ὁ
707 1442 984 1518 οἷδελφεός
1013 1441 1385 1520 Ἀρτάβανος,
1414 1441 1448 1502 ὅ
1482 1467 1538 1502 τι
1572 1442 1831 1519 βούλοιτ’

226 1529 297 1590 ἄν
345 1534 399 1591 οἱ
444 1528 688 1591 τοσοῦτο
731 1532 953 1606 πλῆθος
998 1531 1266 1611 γενέσθαι
1308 1529 1439 1591 ὅσοι
1482 1535 1540 1591 ἐν
1584 1535 1657 1610 τῇ
1703 1534 1832 1612 ῥοιῇ

227 1617 447 1688 κόκκοις
492 1623 731 1696 Δαρεῖος
762 1618 822 1677 δὲ
859 1618 995 1689 εἶπε,
1029 1618 1411 1699 Μεγαβάζους
1444 1618 1514 1680 ἅν
1549 1622 1604 1679 οἱ
1633 1620 1834 1680 τοσού-

220 1732 358 1770 τους
399 1705 638 1783 άριθμόν
681 1707 948 1789 γενέσθαι
994 1706 1317 1783 βούλεσθαι
1359 1711 1588 1784 μᾶλλον
1637 1705 1675 1783 ἢ
1728 1708 1834 1784 τήν

223 1793 481 1853 Ἑλλάδα
516 1794 783 1870 ὑπήκοον.
867 1798 926 1853 ἐν
960 1797 1065 1870 μὲν
1109 1794 1176 1869 δή
1214 1794 1481 1872 Πέρσῃσι
1520 1794 1698 1854 ταῦτά
1732 1821 1831 1871 μιν

225 1883 387 1945 εἴπας
442 1882 623 1960 ἐτίμα·
689 1881 820 1943 τότε
872 1882 933 1940 δὲ
991 1881 1162 1941 αὐτὸν
1213 1882 1454 1941 ὑπέλιπε
1512 1883 1833 1964 στρατηγόν

225 1971 430 2048 ἔχοντα
475 1974 577 2045 τῆς
624 1974 897 2048 στρατιῆς
940 1974 1042 2046 τῆς
1089 1972 1294 2030 ἑωυτοῦ
1346 1969 1491 2029 όκτώ
1542 1971 1830 2049 μυριάδας.

226 2057 411 2122 Οὗτος
437 2058 496 2117 δὲ
521 2058 554 2118 ὁ
581 2059 927 2140 Μεγάβαζος
952 2060 1110 2120 εἴπας
1134 2058 1264 2117 τόδε
1285 2057 1354 2117 τὰ
1381 2058 1511 2121 ἔπος
1539 2060 1791 2119 ἐλείπετο
1812 2062 1927 2119 144

224 2145 507 2206 ἀθάνατον
548 2146 772 2224 μνήμην
804 2149 946 2224 πρὸς
984 2146 1470 2221 Ἑλλησποντίων.
1536 2147 1832 2226 γενόμενος

222 2233 338 2313 γὰρ
379 2239 438 2294 ἐν
477 2236 776 2314 Βυζαντίῳ,
818 2234 1052 2295 ἐπύθετο
1102 2233 1467 2294 ἑπτακαίδεκα
1509 2235 1659 2293 ἔτεσι
1697 2235 1832 2313 πρό-

219 2347 390 2400 τερον
430 2323 856 2403 Καλχηδονίους
897 2323 1199 2384 κτίσαντας
1239 2321 1345 2397 τήν
1390 2320 1579 2401 χώρην
1626 2325 1833 2393 Βυζαν-

222 2409 376 2470 τίων·
443 2409 756 2488 τηνθόμενος
809 2411 869 2470 δὲ
922 2411 1049 2486 ἔφη,
1103 2421 1140 2446 “
1157 2410 1580 2488 Καλχηδονίους
1631 2413 1832 2471 τοῦτον

220 2495 328 2558 τᾶν
366 2497 571 2576 χρόνον
608 2498 908 2580 τυγχάνειν
948 2497 1141 2560 ἐόντας
1179 2496 1480 2574 τυφλούς·”
1522 2497 1587 2556 οὗ
1619 2498 1729 2579 γοὶρ
1764 2497 1833 2558 ἂν

221 2590 329 2644 τοῦ
377 2587 676 2650 καλλίονος
717 2585 1022 2663 παρεόντος
1068 2586 1270 2657 κτίζειν
1313 2585 1512 2664 χώρου,
1563 2585 1664 2655 τὸν
1708 2588 1830 2646 αῖσ-

222 2674 391 2751 χίονα
432 2675 678 2747 ἑλέσθαι,
723 2678 770 2733 εἰ
809 2672 890 2750 μὴ
929 2671 1080 2749 ἦσαν
1126 2674 1380 2749 τυφλοί.
1439 2700 1600 2738 ουτος
1630 2674 1706 2733 δὲ
1760 2700 1835 2735 ων

220 2760 357 2820 τότε
395 2761 429 2821 ὅ
469 2762 816 2843 Μεγάβαζος
852 2786 1173 2841 στρατηγος
1203 2761 1458 2838 λειφθεὶς
1490 2768 1548 2822 ἐν
1577 2766 1650 2840 τῇ
1676 2761 1834 2841 χώρῃ

217 2846 708 2924 Ἑλλησποντίων,
727 2874 859 2912 τους
883 2848 964 2926 μὴ
991 2848 1323 2925 μηδίζοντας
1348 2851 1781 2927 κατεστρέφετο.

310 2934 496 3001 Ουτος
538 2938 643 3014 μέν
688 2962 786 2997 νυν
827 2941 1005 2997 ταῦτα
1052 2936 1327 3012 ἔπρησσε·
1383 2962 1483 3022 τοι(
1526 2936 1693 2999 αὗτόν
1732 2938 1793 2998 δὲ
1812 2940 1928 3028 145

224 3029 429 3088 τοῦτον
481 3026 687 3105 χρόνον
739 3025 952 3105 ἐγίνετο
1005 3010 1099 3083 ἐπὶ
1153 3023 1378 3099 Λιβύην
1430 3024 1611 3088 ἄλλος
1662 3052 1832 3104 στρα-

224 3116 350 3188 τιῆς
394 3116 571 3196 μέγας
622 3112 850 3180 στόλος,
906 3110 998 3171 διὰ
1050 3110 1346 3186 πρόφασιν
1390 3111 1495 3185 τὴν
1538 3112 1645 3192 ἐγω
1692 3113 1831 3189 οἷπη·

224 3200 484 3281 γήσομαι
528 3197 1055 3280 προδιηγησάμενος
1099 3198 1372 3275 πρότερον
1416 3197 1565 3257 τάδε·
1622 3203 1732 3259 τῶν
1774 3206 1835 3258 ἐκ

225 3291 331 3364 τῆς
360 3287 600 3372 Ἀργοῦς
636 3288 946 3362 ἐπιβατέων
972 3285 1183 3347 παίδων
1208 3285 1415 3362 παῖδες,
1444 3284 1835 3356 ἐξελασθέντες

379 3369 436 3419 27
