2184 3517
340 110 442 158 πο
945 108 1314 160 ἮΡοΔοϊοτ
1802 109 1939 176 [m.

339 186 529 249 Ἰνδοί·
565 188 754 249 Ἰνδῶν
781 186 894 270 γὰρ
918 188 986 250 τό
1021 187 1165 266 πρὸς
1198 188 1304 265 τὴν
1333 187 1418 265 ἦῶ
1449 189 1648 266 ἐρημίη
1678 189 1820 262 ἐστὶ,
1846 190 1946 253 διαὶ

338 276 445 352 τήν
474 275 729 354 ψάμμον.
797 278 921 337 ἔστι
957 276 1018 336 δὲ
1051 274 1250 336 πολλὰ
1287 276 1448 336 ἔθνεα
1480 275 1668 337 Ἰνδῶν
1706 277 1800 336 καὶ
1836 276 1944 339 οὐκ

341 363 609 441 ὁμόφωνοί
643 370 838 440 σφισι·
881 364 973 423 καὶ
1008 367 1061 423 οἳ
1099 365 1204 440 μὲν
1238 362 1419 423 αὐτῶν
1450 362 1686 440 νομάδες
1719 364 1849 436 εἰσὶ,
1887 368 1947 425 οἱ

340 451 401 510 δὲ
421 451 505 512 οὔ·
545 455 600 512 οἱ
625 453 687 511 δὲ
712 457 772 512 ἐν
793 455 951 513 τοῖσι
976 452 1137 512 ἕλεσι
1163 452 1410 512 οἰκέουσι
1432 456 1536 511 τοῦ
1562 457 1820 529 ποταμοῦ
1845 454 1949 514 καὶ

340 539 534 619 ἰχθύας
581 541 863 601 σιτέονται
905 538 1106 618 ὦμοῦς,
1140 539 1280 603 τοῦς
1321 539 1576 616 αἱρέουσι
1618 543 1681 599 ἐκ
1724 542 1948 603 πλοίων

339 628 657 705 καλαμίνων
686 627 1048 706 ὄρμεόμενοι·
1091 626 1349 703 καλάμου
1380 626 1441 686 δὲ
1477 627 1537 688 ἓν
1567 626 1705 707 γόνυ
1734 631 1947 689 πλοῖον

337 714 575 776 ἕκαστον
599 715 865 776 ποιέεται.
924 712 1078 775 οὗτοι
1102 717 1207 792 μὲν
1232 713 1301 790 δὴ
1319 716 1431 774 τῶν
1455 713 1644 774 Ἰνδῶν
1663 704 1947 792 φορέουσι

337 802 552 877 ἐσθῆτα
578 803 838 879 φλοΐνην·
880 802 1049 862 ἐπεὰν
1075 805 1137 861 ἐκ
1166 804 1268 862 τοῦ
1293 806 1552 880 ποταμοῦ
1580 805 1768 879 φλοῦν
1792 801 1945 880 οἰμή-

336 914 486 949 σωσι
519 890 612 949 καὶ
649 889 885 968 κόψωσι,
909 888 979 950 τὸ
1008 890 1261 950 ἐνθεῦτεν
1285 892 1512 967 φορμοῦ
1536 890 1746 968 τρόπον
1772 915 1945 951 κατα-

244 979 318 1037 99
336 977 654 1048 πλέξαντες,
697 977 768 1041 ὥς
808 976 1030 1055 θώρηκα
1072 977 1404 1038 ἐνδυνέουσι.
1473 975 1688 1037 Ἀλλοι
1727 977 1790 1038 δὲ
1824 982 1947 1039 τῶν

335 1065 523 1127 Ἰνδῶν
544 1065 686 1145 πρᾶς
708 1064 793 1141 ἦῶ
818 1066 1089 1129 οἰκέοντες
1111 1064 1321 1126 τούτων
1345 1064 1583 1141 νομάδες
1608 1064 1735 1135 εἰσὶ,
1764 1070 1946 1142 κρεῶν

337 1154 560 1216 ἐδεσταὶ
601 1153 779 1231 ὠμῶν·
822 1153 1118 1214 καλέονται
1152 1152 1215 1214 δὲ
1249 1152 1513 1212 Παδαῖοι·
1552 1154 1836 1230 νομαίοισι
1878 1154 1947 1216 δὲ

334 1243 585 1304 τοιοῖσδε
606 1243 868 1324 λέγονται
898 1242 1168 1321 χρᾶσθαι·
1210 1239 1274 1305 ὃς
1311 1232 1380 1300 ἂν
1404 1239 1572 1320 «κάμῃ
1594 1244 1707 1302 τῶν
1727 1240 1945 1315 α’στῶν,

335 1328 408 1405 ἦν
429 1355 494 1390 τε
527 1330 667 1412 γυνὴ
693 1329 764 1406 ἥν
786 1355 852 1390 τε
881 1327 1040 1406 ἀνὴρ,
1064 1329 1166 1390 τᾶν
1196 1330 1300 1404 μὲν
1327 1326 1501 1406 ἄνδρα
1525 1327 1717 1407 ἅνδρες
1747 1332 1803 1389 οἱ
1828 1330 1946 1406 μά-

335 1417 511 1479 λιστά
536 1422 590 1478 οἳ
624 1417 945 1495 ὁμιλέοντες
975 1417 1272 1488 κτείνουσι,
1298 1414 1545 1493 φάμενοι
1574 1415 1743 1477 αὐτὸν
1772 1418 1944 1494 τηκό-

335 1530 503 1582 μενον
525 1508 597 1584 τῇ
626 1503 810 1584 νούσῳ
833 1505 906 1564 τοὶ
941 1505 1077 1582 κρέα
1111 1506 1287 1581 σφίσι
1318 1504 1764 1582 διαφθείρεσθαι·
1802 1505 1837 1566 ὅ
1876 1506 1947 1567 δὲ

335 1590 580 1670 ἅπαρνός
610 1596 735 1652 ἐστι
768 1592 850 1669 μή
881 1595 986 1669 μὲν
1012 1593 1244 1664 νοσέειν,
1272 1595 1327 1652 οἶ
1358 1592 1420 1652 δὲ
1456 1591 1523 1652 οὗ
1554 1594 1946 1674 συγγινωσκό-

335 1706 495 1758 μενοι
509 1679 930 1743 ἀποκτείναντες
955 1681 1406 1760 κατευωχέονται·
1433 1678 1505 1756 ἢν
1523 1680 1584 1740 δὲ
1602 1680 1741 1761 γυνὴ
1765 1681 1943 1761 κάμῃ,

336 1768 597 1833 ῶσαύτως
638 1771 698 1827 αἱ
737 1768 1137 1846 ἐπιχρεώμεναι
1174 1768 1431 1845 μάλιστα
1467 1771 1723 1849 γυναῖκες
1758 1768 1946 1832 ταῦτσῖ

245 1908 254 1913 -
335 1860 491 1919 τοῖσι
519 1854 758 1934 α’νδράσι
786 1861 1031 1917 ποιεῦσι·
1070 1856 1172 1918 τὸν
1204 1855 1317 1937 γὰρ
1343 1854 1414 1931 δή
1442 1861 1498 1920 ἐς
1531 1860 1710 1938 γῆρας
1740 1856 1942 1919 ἀπικό-

335 1970 503 2022 μενον
539 1944 808 2009 θύσαντες
843 1945 1294 2023 κατευωχέονται·
1335 1948 1392 2008 ἐς
1430 1942 1493 2004 δὲ
1525 1943 1725 2005 τούτου
1758 1945 1945 2027 λόγον

338 2032 405 2093 οὗ
428 2034 645 2093 πολλοί
661 2058 806 2096 τινες
830 2031 1011 2095 αὐτῶν
1035 2031 1404 2093 ἀπικνέονται·
1435 2033 1547 2111 πρό
1572 2031 1683 2114 γὰρ
1710 2037 1811 2093 τοῦ
1832 2033 1944 2094 τὸν

246 2122 361 2182 100
378 2125 433 2186 ἐς
467 2126 673 2183 νοῦσον
699 2121 978 2182 πίπτοντα
1011 2119 1197 2181 πάντα
1235 2120 1531 2181 κτείνουσι.
1597 2119 1832 2197 Ἑτέρων
1873 2120 1947 2182 δέ

337 2214 464 2272 ἐστι
485 2210 672 2271 Ἰνδῶν
695 2209 791 2270 ὅδε
819 2207 999 2273 ἄλλος
1028 2207 1256 2286 τρόπος·
1297 2206 1425 2268 οὔτε
1460 2209 1738 2269 κτείνουσι
1773 2206 1944 2271 οὐδὲν

337 2299 605 2378 ἔμψυχον,
641 2296 767 2358 οὔτε
805 2322 862 2357 τι
901 2295 1218 2373 σπείρουσι,
1261 2294 1388 2356 οὔτε
1427 2296 1604 2360 οἰκίας
1642 2296 1943 2374 νομίζουσι

336 2388 626 2462 ἐκτῆσθαι·
665 2384 1084 2466 ποιηφαγέουσι
1118 2383 1199 2442 δέ·
1241 2384 1334 2442 καὶ
1369 2381 1602 2444 αὐτοῖσί
1633 2388 1758 2445 ἐστι
1794 2382 1942 2447 ὅσον

338 2474 573 2555 κέγχρος
595 2473 662 2535 τό
687 2473 933 2555 μέγαθος
958 2477 1017 2532 ἐν
1049 2469 1249 2535 κάλυκι
1273 2469 1589 2547 αὐτόματον
1616 2474 1677 2532 ἐκ
1706 2474 1807 2548 τῆς
1827 2476 1942 2552 γῆς

334 2562 646 2641 γινόμενον·
684 2560 751 2620 τὰ
793 2559 1184 2640 συλλέγοντες,
1216 2557 1357 2637 αὐτῇ
1398 2557 1600 2619 κάλυκι
1633 2558 1840 2637 ἕψουσί
1868 2584 1942 2620 τε

338 2648 431 2706 καὶ
456 2649 755 2708 σιτέονται.
813 2647 876 2710 ὃς
901 2646 947 2705 δ’
969 2645 1037 2707 ἂν
1063 2652 1119 2710 ἐς
1142 2650 1348 2707 νοῦσον
1368 2646 1548 2707 αὐτῶν
1566 2648 1734 2726 πέσῃ,
1756 2646 1943 2709 ἐλθῶν

339 2737 396 2796 ἐς
423 2732 530 2810 τὴν
559 2735 763 2812 ἔρημον
789 2733 987 2794 κέεται·
1030 2734 1314 2812 φροντίζει
1345 2733 1406 2793 δὲ
1443 2732 1619 2798 οὐδεὶς
1654 2733 1768 2795 οὔτ’
1796 2732 1941 2795 ἀπο-

246 2823 356 2880 101
381 2819 645 2885 θανόντος
684 2819 811 2881 οὔτε
858 2820 1182 2898 κάμνοντος.
1264 2821 1436 2892 Μίξις
1481 2822 1543 2882 δὲ
1577 2821 1790 2883 τούτων
1823 2826 1944 2884 τῶν

336 2907 523 2968 Ἰνδῶν
546 2912 657 2968 τῶν
682 2908 954 2977 κατέλεξα
982 2908 1203 2970 πάντων
1233 2909 1487 2986 ἐμφανής
1520 2914 1660 2981 ἐστι,
1689 2907 1942 2988 κατάπερ

336 2998 448 3054 τῶν
470 2992 793 3070 προβάτων·
834 2995 927 3053 καὶ
955 2995 1022 3054 τὰ
1048 3000 1250 3073 χρῶμα
1276 2997 1551 3073 φορέουσι
1576 2996 1774 3074 ὁμοῖον
1799 2996 1942 3057 πάνυ

337 3105 428 3142 τες
454 3081 546 3138 καὶ
574 3080 978 3156 παραπλήσιον
1003 3082 1254 3161 Αἰθίοψι·
1294 3083 1333 3159 ἦ
1358 3084 1499 3163 γονὴ
1527 3083 1588 3143 δὲ
1620 3082 1802 3144 αὐτῶν
1831 3082 1945 3160 τὴν

338 3165 591 3225 ἀπίενται
633 3171 690 3231 ἐς
728 3166 832 3232 τᾶς
873 3171 1154 3248 γυναῖκας,
1200 3168 1281 3239 οὖ,
1310 3168 1558 3248 κατάπερ
1592 3175 1704 3231 τῶν
1743 3169 1946 3236 ἄλλων

342 3248 653 3325 Ἴ’νθρῶπων,
696 3254 821 3314 ἐστὶ
861 3253 1051 3329 λευκὴ,
1096 3253 1251 3314 σ’,λλοὶ
1296 3258 1537 3332 μέλαινα
1582 3257 1829 3335 κατάπερ
1867 3257 1944 3319 τό
