2184 3517
344 98 442 149 300
962 99 1332 150 ἨΡΟΔΟΤΟΤ
1822 97 1957 160 [IV.

340 179 447 255 μὲν
468 178 740 258 χειμῶνός
762 183 888 242 ἔστι
912 178 1172 256 ὅσοσπέρ
1198 184 1340 249 ἐστι,
1355 177 1536 261 ὀλίγῳ
1558 204 1622 240 τε
1646 177 1831 256 μέζων
1853 181 1965 254 τῆς

344 268 544 328 έωυτοῦ
582 266 789 344 φύσιος
826 268 1057 349 γίνεται·
1109 266 1264 328 ὕεται
1304 266 1417 348 γὰρ
1455 266 1495 343 ἦ
1533 270 1616 347 γῆ.
1657 265 1802 342 αὕτη
1853 269 1965 327 τοῦ

344 358 615 434 χειμῶνος
651 354 887 434 πάμπαν
922 354 1116 437 ὀλίγῳ,
1150 359 1358 432 νιφετῷ
1393 355 1454 414 δὲ
1489 354 1674 415 πάντα
1709 354 1963 433 χρέεται·

345 445 448 502 τοῦ
490 442 553 502 δὲ
593 442 781 520 θέρεος
818 443 857 518 ἦ
899 468 1038 523 χιων
1078 441 1119 518 ἦ
1161 448 1221 503 ἐν
1263 446 1344 521 τῷ
1393 447 1628 522 χειμῶνι
1671 445 1959 515 πεσοῦσα,

347 531 523 589 ἐοῦσα
547 529 907 607 ἅμφιλαφης,
932 531 1212 608 τηκομένη
1238 528 1514 591 πάντοθεν
1540 529 1807 590 ε’σδιδοῖ’
1779 554 1837 593 ες
1857 555 1967 590 τον

338 613 588 693 ”Iar-pov
628 617 768 694 αὕτη
791 644 855 680 τε
880 618 1012 694 δῆ“
973 644 1011 694 η
1037 644 1178 698 χιων
1204 617 1562 679 ε’σδιὸοῦσα’
1535 643 1592 681 ες
1616 616 1791 678 αὗτόν
1804 643 1964 694 συμ-

348 704 605 780 πληθύει,
626 706 719 764 καὶ
744 704 956 784 ὄμβροι
979 706 1197 766 πολλοί
1215 731 1280 766 τε
1304 706 1400 764 καὶ
1423 704 1640 783 λάβροι
1665 730 1777 765 συν
1792 704 1963 784 αὐτῇ·

346 789 430 851 ὕει
453 792 564 873 γὰρ
590 791 659 869 δή
686 792 754 853 τό
779 793 957 870 θέρος·
997 793 1117 873 ὅσῳ
1143 793 1204 853 δὲ
1226 793 1404 853 πλέον
1430 792 1515 852 ἐπ’
1533 792 1735 853 ἑωυτόν
1756 792 1904 869 ὕδωρ
1924 790 1964 853 ὀ

348 878 509 956 ἥλιος
530 882 824 943 ἐπέλκεται
849 884 999 962 ἐντῷ
1024 882 1173 959 θέρεϊ
1197 879 1235 958 ἢ
1263 885 1322 942 ἐν
1335 886 1414 960 τῷ
1429 885 1677 961 χειμῶνι,
1704 879 1965 960 τοσούτῳ

351 967 425 1028 τοὶ
452 968 889 1051 συμμισγόμενα
911 974 991 1048 τῷ
1017 968 1227 1048 Ἴστρῳ
1251 967 1669 1029 πολλαπλάσιά
1700 973 1829 1030 ε’στι
1853 972 1965 1029 τοῦ

353 1056 542 1135 θέρεος
554 1055 699 1134 ἤπερ
716 1061 817 1117 τοῦ
829 1060 1122 1137 χειμῶνος·
1148 1055 1531 1133 ἀντιτιθέμενα
1545 1056 1798 1117 δὲταῦτα
1810 1055 1962 1117 οἶν-τι·

357 1144 607 1221 σήκωσις
628 1145 852 1226 γίνεται,
872 1143 1017 1205 ὥστε
1042 1144 1172 1205 ἴσον
1195 1169 1294 1221 μιν
1318 1145 1427 1204 αἰεὶ
1453 1144 1757 1221 φαίνεσθαι
1776 1142 1963 1205 ε’όντα.

259 1234 333 1292 51
441 1232 543 1295 Εἷς
574 1235 680 1310 μὲν
713 1232 782 1308 δή
816 1236 927 1293 τῶν
956 1236 1226 1309 ποταμῶν
1264 1235 1419 1293 τοῖσι
1460 1231 1720 1311 Σκύθῃσί
1753 1236 1880 1292 ε’στι
1927 1230 1964 1292 ὅ

344 1319 594 1398 Ἴστρος·
632 1320 777 1397 μετὰ
812 1321 874 1380 δὲ
902 1324 1119 1391 τοῦτον,
1155 1319 1354 1397 Τύρης·
1395 1318 1457 1382 ὃς
1488 1318 1602 1379 α’,πό
1637 1320 1827 1397 βορέω
1854 1321 1965 1396 μὲν

355 1406 565 1484 ἀνέμου
589 1407 848 1485 ὁρμᾶται,
868 1407 1101 1488 ἄρχεται
1127 1407 1188 1467 δὲ
1210 1408 1348 1485 ῥέων
1376 1412 1437 1466 ἐκ
1462 1408 1663 1484 λίμνης
1686 1405 1962 1488 μεγάλης,

355 1494 394 1570 ἢ
414 1494 618 1571 οὐρίζει
642 1495 744 1571 τήν
768 1521 831 1557 τε
868 1495 1148 1572 Σκυθικήν
1174 1496 1269 1554 καὶ
1292 1496 1398 1570 τὴν
1424 1495 1669 1572 Νευρίδα
1692 1499 1824 1576 γῆν·
1865 1497 1965 1554 ἐπὶ

356 1582 418 1642 δὲ
446 1586 524 1661 τῷ
553 1582 796 1658 στόματι
832 1583 1003 1644 αὐτοῦ
1030 1584 1384 1658 κατοίκηνται
1398 1581 1692 1658 Ἕλληνες,
1720 1583 1964 1660 οἲ’Τυρῖ·

260 1671 340 1732 52
356 1694 450 1730 ται
481 1671 794 1731 καλέονται.
875 1671 1073 1748 Τρίτος
1099 1670 1159 1730 δὲ
1181 1669 1420 1733 ’Ὕπανις
1440 1670 1694 1746 ποταμός
1719 1669 1963 1747 ὁρμᾶται

354 1760 461 1836 μὲν
488 1763 549 1817 ἐκ
571 1761 673 1834 τῆς
698 1759 989 1834 Σκυθικῆς,
1016 1759 1131 1836 ῥέει
1156 1757 1217 1818 δὲ
1243 1762 1304 1818 ἐκ
1329 1758 1534 1834 λίμνης
1556 1757 1826 1839 μεγάλης,
1851 1757 1964 1835 τήν

355 1846 522 1924 πέριξ
553 1847 813 1923 νέμονται
853 1846 1016 1906 ἵπποι
1055 1845 1241 1928 ἄγριοι
1280 1846 1489 1906 λευκοί·
1546 1845 1805 1906 καλέεται
1838 1845 1885 1905 δ’
1921 1846 1963 1922 ἧ

354 1935 529 2010 λίμνη
570 1932 710 2010 αὕτη
755 1933 932 2010 ὀρθῶς
974 1933 1163 2011 μήτηρ
1207 1933 1486 1997 Ὑπάνιος·
1541 1938 1603 1993 ἐκ
1645 1933 1849 2010 ταύτης
1882 1932 1964 1995 ὧν

357 2020 678 2083 ἀνατέλλων
721 2020 755 2082 ὀ
786 2020 1021 2086 ’Υπανις
1065 2020 1335 2098 ποταμὸς,
1372 2021 1486 2098 ῥέει
1525 2021 1621 2080 ε’πὶ
1656 2024 1761 2097 μὲν
1793 2021 1964 2082 πέντε

356 2108 604 2188 ἡμερέων
621 2108 804 2171 πλόον
827 2108 1048 2189 βραχῦς
1073 2109 1167 2168 καὶ
1191 2108 1401 2190 γλυκῦς
1419 2110 1516 2179 ἔτι,
1532 2108 1645 2169 cim?
1663 2109 1723 2168 δὲ
1740 2108 1959 2184 τούτου,

358 2197 500 2276 πρός
525 2196 827 2274 θαλάσσης
849 2197 1136 2274 τεσσέρων
1158 2196 1407 2274 ἡμερέων
1431 2195 1629 2269 πλόον,
1655 2197 1854 2274 πικρός
1877 2201 1964 2257 αἶ-

359 2289 481 2350 νῶς·
522 2285 729 2346 ἐκδιδοῖ
754 2284 865 2366 γὰρ
905 2288 962 2348 ἐς
996 2283 1169 2345 αὗτόν
1211 2284 1385 2363 κρήνη
1415 2284 1606 2361 πικρή,
1635 2284 1776 2345 οὕτω
1811 2284 1881 2360 δή
1903 2310 1965 2345 τι

359 2377 536 2435 εὀῦσα
573 2398 761 2452 πικρη,
802 2371 841 2448 ἢ
885 2371 1120 2452 μεγάθεΐ
1165 2397 1380 2449 σμικρη
1426 2375 1619 2441 ἐοῦσα,
1664 2376 1825 2452 κιρνᾷ
1861 2372 1964 2434 τόν

348 2459 641 2569 Υπανιν’
614 2460 779 2527 εόντα
806 2460 1062 2537 ποταμόν
1087 2464 1147 2520 ἐν
1173 2459 1425 2540 ὀλίγοισι
1447 2460 1646 2563 μέγαν·
1687 2461 1812 2520 ἔστι
1836 2459 1964 2519 δὲ
1922 2487 1963 2536 η

364 2547 537 2626 κρήνη
568 2546 707 2625 αὕτη
741 2552 800 2608 ἐν
831 2545 1049 2626 οὔροισι
1088 2544 1274 2625 χώρης
1297 2549 1398 2621 τῆς
1421 2571 1485 2604 τε
1510 2543 1796 2622 ἀροτήρων
1821 2546 1963 2610 Σκυ-

358 2635 498 2696 θέων
528 2636 621 2695 καὶ
649 2634 994 2706 Ἀλαζώνων·
1037 2632 1250 2710 οὔνομα
1280 2632 1341 2692 δὲ
1373 2637 1446 2712 τῇ
1480 2632 1668 2713 κρήνῃ,
1703 2635 1796 2693 καὶ
1831 2633 1965 2694 ὅθεν

357 2723 471 2801 ῥέει
494 2726 572 2801 τῷ
594 2720 773 2801 χῶρω,
800 2722 1072 2786 Σκυθιστὶ
1094 2723 1200 2798 μὲν
1223 2718 1585 2797 Ἐξαμπαῖος,
1605 2746 1748 2780 κατα
1772 2720 1835 2781 δὲ
1856 2721 1965 2797 τὴν

356 2808 648 2886 Ἑλλήνων
664 2811 941 2890 γλῶσσαν
965 2808 1109 2887 Ἱραὶ
1134 2807 1276 2868 ὁδοί·
1317 2807 1631 2888 συνάγουσι
1656 2808 1718 2867 δὲ
1739 2807 1813 2869 ταῖ
1837 2809 1962 2885 τέρ-

357 2922 510 2975 ματα
542 2897 575 2956 ὅ
605 2922 667 2957 τε
702 2896 881 2974 Τύρης
913 2896 1006 2955 καὶ
1041 2896 1074 2956 ὁ
1102 2895 1341 2959 ’Ὕπανις
1367 2895 1509 2955 κατὰ
1531 2894 1865 2967 Ἀλάζωνας,
1890 2897 1963 2958 ro*

358 2985 419 3045 δὲ
444 2983 558 3044 dm}
583 2982 796 3052 τούτου,
824 2982 1190 3061 ἀποστρέψας
1216 2982 1471 3060 ἑκάτερος
1494 2984 1608 3060 ῥέει
1634 2983 1870 3062 εὐρύνων
1891 2984 1962 3046 τό

352 3071 554 3138 μέσον.

263 3158 343 3214 53
423 3156 694 3231 Τέταρτος
724 3154 785 3214 δὲ
819 3155 1177 3231 Βορυσθένης
1210 3155 1484 3233 ποταμός·
1525 3156 1588 3220 ὅς
1614 3161 1738 3218 ἔστι
1763 3159 1963 3239 μέγισ-

357 3240 454 3303 τός
492 3265 556 3300 τε
593 3265 737 3317 μετα
779 3239 1009 3317 Ἴστρον
1050 3236 1278 3312 τούτων,
1328 3243 1422 3302 καὶ
1467 3246 1967 3320 πολυαρκέστατος
