2184 3517
225 91 447 157 21—26]
872 93 1202 144 ΕῪΤΕΡΠΗ.
1736 96 1832 146 119

224 175 435 252 θέρεος.
501 171 605 250 τήν
628 173 950 253 χειμερινὴν
971 174 1117 252 ὥρην
1141 173 1589 253 ἀπελαυνόμενος
1614 173 1648 236 6
1673 173 1835 253 ἥλιος

225 267 286 323 ἔκ
319 265 424 337 τῆς
454 260 689 340 οἷρχαίης
721 261 966 331 διεξόδου
996 261 1109 322 ὖπό
1142 265 1253 323 τῶν
1283 261 1579 341 χειμώνων,
1617 264 1836 342 ἔρχεται

224 352 325 426 τῆς
350 349 576 426 Λιβύης
599 348 672 407 ταῖ
698 347 827 409 ἄνω.
909 349 978 414 ὥς
1003 351 1111 427 μέν
1136 376 1234 411 νυν
1260 355 1321 411 ἐν
1348 351 1631 430 ἐλαχίστω
1658 351 1834 428 δηλῶ-

225 462 342 509 σαι,
387 441 503 497 πᾶν
543 436 773 514 εἴρηται·
839 441 941 513 τῆς
980 438 1090 519 γοὶρ
1131 436 1201 499 ἂν
1241 436 1534 544 οἷγχοτάτω
1574 438 1613 518 ᾗ
1651 439 1836 517 χώρης

226 522 388 589 οὗτος
415 524 448 585 6
477 524 620 594 θεὰς,
648 524 742 583 καὶ
768 524 910 585 κατὰ
935 523 1144 612 ἥντινα,
1172 525 1378 602 ταύτην
1403 528 1551 592 οἶκὸς
1579 527 1747 605 διψῆν
1770 554 1835 588 τε

224 611 441 674 ὑδάτων
458 611 717 690 μάλιστα
738 612 830 671 καὶ
848 611 921 672 τοὶ
942 613 1183 694 ἐγχώρια
1198 614 1446 692 ῥεύματα
1460 616 1833 692 μαραίνεσθαι

224 706 337 761 τῶν
359 705 650 779 ποταμῶν.
731 700 830 764 Ως
854 700 968 760 δὲ’
942 726 1000 761 εν
1025 702 1225 763 πλέονι
1249 701 1404 782 λόγῳ
1430 703 1701 779 δηλῶσαι,
1731 701 1834 765 ὧδε
1850 707 1927 764 25

228 789 362 867 ἔχει·
397 789 609 859 διεξιῶν
631 792 735 865 τῆς
749 788 973 868 Λιβύης
989 788 1061 850 τοὶ
1085 789 1198 851 ἅνω
1224 789 1260 850 6
1284 788 1461 866 ἥλιος,
1479 791 1615 864 τάδε
1637 792 1833 852 ποιέει·

227 875 326 937 ἅτε
375 876 468 938 &a
508 876 716 961 παντὸς
754 879 859 937 τοῦ
896 876 1104 956 χρόνον
1149 877 1367 956 αἰθρίου
1405 904 1470 940 τε
1493 878 1694 943 -ἔόντος
1733 883 1834 941 τοῦ

225 963 391 1042 ἠέρος
437 969 539 1026 τοῦ
581 964 723 1026 κατσ)
761 966 940 1025 ταῦτα
977 964 1050 1026 w)
1091 965 1271 1046 χωρία
1310 965 1404 1025 καὶ
1443 964 1695 1043 α’,λεεινῆς
1732 971 1836 1043 τῆς

224 1053 413 1133 χώρης
449 1054 666 1132 εὀύσης,
704 1053 806 1114 οὐκ
848 1053 1048 1117 ἐόντων
1083 1054 1300 1133 ἀνέμων
1335 1059 1581 1134 ψυχρῶν,
1622 1056 1834 1126 διεξιών

225 1144 405 1203 ποιέει
445 1142 566 1204 οἶόν
605 1169 712 1221 περ
756 1143 848 1203 καὶ
888 1141 955 1203 τὰ
1000 1144 1161 1221 θέρος
1205 1142 1338 1203 ἔωθε
1378 1143 1585 1203 ποιέειν
1630 1142 1725 1203 ἰών
1764 1143 1833 1204 τι)

226 1231 409 1306 μέσον
446 1234 548 1293 τοῦ
585 1231 841 1309 οὐρανοῦ·
884 1231 1050 1300 ἕλκει,
1066 1230 1180 1313 γὰρ
1218 1230 1303 1290 ἐπ’
1337 1230 1537 1291 {mm-dv
1570 1231 1637 1291 τὰ
1671 1229 1833 1309 ὕδωρ,

228 1319 474 1385 ἑλκύσας
525 1319 587 1379 δὲ
626 1318 865 1380 α’πωθέει
906 1323 962 1384 ἐς
998 1319 1071 1380 τσῖ
1113 1318 1224 1380 ἅνω
1261 1319 1455 1399 χωρία,
1496 1318 1832 1396 ὑπολαμβά-

224 1431 414 1473 νοντες
450 1408 512 1467 δὲ
547 1410 602 1467 οἶ
639 1407 834 1484 ἄνεμοι
866 1407 959 1467 καὶ
995 1400 1406 1471 διασκιδνάντες
1443 1406 1696 1483 τήκουσι·
1739 1408 1837 1467 καί

227 1499 341 1556 εἶσι
368 1495 596 1559 οἰκότως
624 1498 677 1556 οἶ
702 1495 816 1556 ‹in-6
842 1495 1045 1572 ταύτης
1070 1500 1174 1573 τῆς
1189 1495 1383 1575 χώρης
1413 1496 1683 1567 πνέοντες,
1712 1496 1744 1557 ὅ
1769 1522 1832 1558 τε

226 1583 389 1648 νότος
419 1584 514 1645 καὶ
549 1582 584 1644 6
618 1584 744 1662 λὶψ,
782 1582 998 1660 ἀνέμων
1028 1583 1255 1645 πολλὸν
1287 1588 1397 1645 τῶν
1421 1583 1641 1645 πάντων
1668 1583 1832 1645 ὖετώ-

225 1695 405 1733 τατοι·
446 1672 650 1753 (δοκέει
675 1672 741 1732 δέ
771 1696 873 1748 μοι
910 1671 1036 1732 οὐδὲ
1065 1675 1180 1732 πᾶν
1210 1671 1277 1733 τό
1308 1672 1450 1750 ὕδωρ
1486 1671 1553 1733 τό
1573 1672 1832 1737 ἐπέτειον

228 1760 499 1822 ἑκάστοτε
535 1760 976 1838 ἀποπέμπεσθαι
1001 1765 1103 1820 τοῦ
1140 1761 1356 1821 Νείλου
1397 1761 1430 1820 ὁ
1471 1758 1648 1836 ἥλιος,
1677 1759 1833 1820 οἷλλιὶ

228 1849 322 1908 καὶ
346 1848 760 1911 ὑπολείπεσθαι
784 1848 915 1925 περὶ
956 1847 1201 1927 ἑωυτόν)
1239 1848 1620 1926 πρηϋνομένου
1646 1848 1705 1908 δὲ
1729 1852 1832 1909 τοῦ

192 2011 199 2016 ‚
226 1940 516 2016 χειμῶνος,
549 1937 852 2018 α’πέρχεται
885 1935 919 1996 6
953 1934 1117 2012 ἥλιος
1151 1941 1207 2001 ἐς
1239 1937 1421 2014 μέσον
1457 1936 1558 1997 τόν
1597 1936 1832 2015 οὖρανόν

227 2022 431 2096 ὀπίσω,
460 2026 553 2084 καὶ
576 2025 644 2087 τό
670 2025 921 2086 ἐνθεῦτεν
946 2023 1055 2101 ἤδη
1075 2024 1277 2102 ὁμοίως
1301 2024 1416 2084 ‹far-6
1440 2024 1660 2086 πάντων
1678 2026 1829 2085 ἕλκει

226 2115 336 2172 τῶν
362 2117 648 2191 ποταμῶν·
685 2112 909 2178 τέωςδὲ
954 2115 1010 2173 οἶ
1046 2115 1153 2189 μὲν
1182 2111 1427 2191 ὀμβρίου
1457 2112 1655 2178 ὕδατος
1687 2140 1832 2192 συμ-

227 2201 578 2281 μισγομένου
628 2204 852 2263 πολλοῦ
902 2200 1144 2273 αὐτοῖσι,
1184 2225 1284 2261 ατε
1332 2199 1569 2277 υομένης
1616 2226 1681 2261 τε
1730 2206 1833 2278 τῆς

225 2286 416 2366 χώρης
441 2289 536 2348 καὶ
573 2290 1133 2369 κεχαραδρωμένης,“
1103 2289 1299 2366 ρέουσι
1332 2288 1594 2368 μεγάλοι·
1633 2293 1732 2348 τοῦ
1768 2291 1830 2349 δὲ

228 2376 435 2453 θέρεος,
462 2381 574 2438 τῶν
596 2401 661 2436 τε
684 2376 915 2455 ὄμβρων
940 2374 1338 2438 ἐπιλειπόντων
1371 2373 1571 2439 αὐτους
1602 2376 1694 2434 καὶ
1718 2375 1830 2437 υπὸ

226 2468 329 2523 τοῦ
353 2463 525 2540 ἡλίου
551 2462 855 2540 ἑλκόμενοι,
881 2464 1145 2527 ἀσθενέες
1171 2464 1299 2524 εἶσί·
1342 2462 1375 2523 6
1402 2463 1463 2522 δὲ
1488 2465 1750 2526 Νεῖλος’
1724 2490 1828 2525 εων

226 2550 546 2660 avopsspoe:
565 2551 859 2628 ἑλκόμενος
897 2551 957 2611 δε
994 2549 1106 2611 υπὸ
1145 2555 1247 2611 τοῦ
1285 2550 1468 2658 ἡλίου,
1495 2553 1700 2627 μοῦνος
1729 2577 1831 2611 πο-

225 2665 420 2718 ταμων
443 2644 644 2701 τοῦτον
667 2640 767 2701 τὸν
791 2638 996 2719 χρόνον
1033 2638 1260 2704 οἰκότως
1293 2639 1459 2704 αὐτᾶς
1492 2642 1694 2700 εωυτοῦ
1717 2640 1834 2717 ῥέει

225 2733 429 2810 πολλω
468 2728 869 2807 υποδεέστερος
909 2726 948 2804 ἢ
987 2733 1088 2789 τοῦ
1133 2728 1339 2806 θέρεος·
1406 2727 1536 2788 τότε
1575 2731 1682 2805 μὲν
1718 2728 1831 2809 γὰρ

227 2818 371 2895 μετὰ
395 2816 620 2878 πάντων
635 2821 746 2879 τῶν
768 2815 981 2878 ὖδάτων
1007 2816 1136 2878 ἴσον
1163 2817 1400 2887 ἕλκεται,
1417 2816 1519 2877 τᾶν
1545 2816 1606 2876 δὲ
1629 2820 1831 2895 χειμῶ-

226 2931 296 2967 να
319 2909 532 2984 μοῦνος
555 2906 820 2977 πιέζεται·
859 2903 1000 2964 οὕτω
1024 2904 1127 2965 τὸν
1150 2903 1317 2982 ἥλιον
1340 2903 1603 2981 νενόμικα
1625 2903 1833 2964 τούτων

227 2995 406 3055 αἴτιον
443 2993 604 3055 εἶναι.
686 2993 881 3055 Αἴτιος
916 2992 977 3050 δὲ
1012 2991 1183 3055 ‹aha-63
1217 2991 1395 3064 οὗτος,
1431 2991 1574 3051 κατοὶ
1606 2990 1832 3070 γνώμην
1847 2993 1883 3050 2
1890 2992 1947 3050 6*

226 3083 329 3160 τήν
355 3081 514 3160 ἐμήν,
537 3082 630 3141 καὶ
653 3080 756 3143 τᾶν
778 3080 918 3158 ἠέρα
943 3079 1114 3157 ξηρὰν
1137 3079 1238 3139 τόν
1255 3079 1429 3158 ταύτῃ
1449 3078 1604 3146 εἶναι,
1625 3077 1831 3137 διακαί-

226 3196 301 3233 ων
338 3171 450 3249 τήν
490 3169 737 3242 διέξοδον
777 3168 968 3228 αὐτοῦ·
1022 3165 1164 3226 οὕτω
1204 3170 1307 3242 τῆς
1346 3164 1567 3242 Λιβύης
1606 3164 1681 3224 τοὶ
1720 3163 1833 3226 ἅνω

226 3259 390 3339 θέρος
434 3260 543 3319 αἰεὶ
588 3258 829 3337 κατέχει.
914 3257 962 3314 εἶ
1003 3253 1065 3314 δὲ
1105 3252 1145 3330 ἦ
1187 3252 1393 3317 στάσις
1433 3251 1689 3328 ἤλλακτο
1723 3257 1836 3314 τῶν
