<?xml version="1.0" encoding="UTF-8"?>
<!DOCTYPE html PUBLIC "-//W3C//DTD XHTML 1.0 Transitional//EN"
    "http://www.w3.org/TR/xhtml1/DTD/xhtml1-transitional.dtd">
<html xmlns="http://www.w3.org/1999/xhtml" xml:lang="en" lang="en">
 <head>
  <title>
</title>
<meta http-equiv="Content-Type" content="text/html;charset=utf-8" />
  <meta name='ocr-system' content='tesseract 3.04.00' />
  <meta name='ocr-capabilities' content='ocr_page ocr_carea ocr_par ocr_line ocrx_word'/>
</head>
<body>
  <div class='ocr_page' id='page_1' title='image "./herodotus02unkngoog_0333.png"; bbox 0 0 2184 3517; ppageno 0'>
   <div class='ocr_carea' id='block_1_1' title="bbox 221 98 1928 3373">
    <p class='ocr_par' dir='ltr' id='par_1_1' title="bbox 222 98 1928 2797">
     <span class='ocr_line' id='line_1_1' title="bbox 229 98 1836 162; baseline 0.001 -13"><span class='ocrx_word' id='word_1_1' title='bbox 229 98 453 162; x_wconf 61' lang='grc' dir='ltr'>(κο-33]</span> <span class='ocrx_word' id='word_1_2' title='bbox 812 99 1264 152; x_wconf 67' lang='grc' dir='ltr'><strong>ΜΕΛΠΟΜΕΝΗ.</strong></span> <span class='ocrx_word' id='word_1_3' title='bbox 1741 102 1836 150; x_wconf 84' lang='lat'>313</span> 
     </span>
     <span class='ocr_line' id='line_1_2' title="bbox 231 175 1838 256; baseline 0.004 -23"><span class='ocrx_word' id='word_1_4' title='bbox 231 175 329 234; x_wconf 82' lang='grc' dir='ltr'>καὶ</span> <span class='ocrx_word' id='word_1_5' title='bbox 357 175 598 256; x_wconf 81' lang='grc' dir='ltr'>ὀλίγους,</span> <span class='ocrx_word' id='word_1_6' title='bbox 628 175 699 240; x_wconf 78' lang='grc' dir='ltr'>ὥς</span> <span class='ocrx_word' id='word_1_7' title='bbox 725 175 941 242; x_wconf 78' lang='grc' dir='ltr'>Σκύθας</span> <span class='ocrx_word' id='word_1_8' title='bbox 977 178 1133 239; x_wconf 80' lang='grc' dir='ltr'>εἶναι.</span> <span class='ocrx_word' id='word_1_9' title='bbox 1213 178 1450 241; x_wconf 86' lang='grc' dir='ltr'>τοσόνδε</span> <span class='ocrx_word' id='word_1_10' title='bbox 1479 180 1672 256; x_wconf 80' lang='grc' dir='ltr'>μέντοι</span> <span class='ocrx_word' id='word_1_11' title='bbox 1706 179 1838 240; x_wconf 83' lang='grc' dir='ltr'>ἀπέ-</span> 
     </span>
     <span class='ocr_line' id='line_1_3' title="bbox 232 262 1838 344; baseline 0.005 -24"><span class='ocrx_word' id='word_1_12' title='bbox 232 262 439 338; x_wconf 88' lang='grc' dir='ltr'>φαινόν</span> <span class='ocrx_word' id='word_1_13' title='bbox 484 289 584 339; x_wconf 88' lang='grc' dir='ltr'>μοι</span> <span class='ocrx_word' id='word_1_14' title='bbox 630 266 683 326; x_wconf 79' lang='grc' dir='ltr'>ἐς</span> <span class='ocrx_word' id='word_1_15' title='bbox 728 262 876 341; x_wconf 78' lang='grc' dir='ltr'>ὄψιν·</span> <span class='ocrx_word' id='word_1_16' title='bbox 927 266 1049 325; x_wconf 82' lang='grc' dir='ltr'>ἔστι</span> <span class='ocrx_word' id='word_1_17' title='bbox 1091 265 1301 341; x_wconf 77' lang='grc' dir='ltr'>μεταξῦ</span> <span class='ocrx_word' id='word_1_18' title='bbox 1348 267 1731 344; x_wconf 87' lang='grc' dir='ltr'>Βορυσθένεός</span> <span class='ocrx_word' id='word_1_19' title='bbox 1773 293 1838 328; x_wconf 85' lang='grc' dir='ltr'>τε</span> 
     </span>
     <span class='ocr_line' id='line_1_4' title="bbox 231 350 1837 431; baseline 0.004 -24"><span class='ocrx_word' id='word_1_20' title='bbox 231 353 494 426; x_wconf 81' lang='grc' dir='ltr'>ποταμοῦ</span> <span class='ocrx_word' id='word_1_21' title='bbox 548 350 642 409; x_wconf 77' lang='grc' dir='ltr'>καὶ</span> <span class='ocrx_word' id='word_1_22' title='bbox 691 350 952 415; x_wconf 79' lang='grc' dir='ltr'>Ὑπάνιος</span> <span class='ocrx_word' id='word_1_23' title='bbox 1004 357 1201 431; x_wconf 81' lang='grc' dir='ltr'>χῶρος,</span> <span class='ocrx_word' id='word_1_24' title='bbox 1246 352 1457 430; x_wconf 83' lang='grc' dir='ltr'>οὕνομα</span> <span class='ocrx_word' id='word_1_25' title='bbox 1503 354 1566 413; x_wconf 90' lang='grc' dir='ltr'>δέ</span> <span class='ocrx_word' id='word_1_26' title='bbox 1609 355 1670 413; x_wconf 82' lang='grc' dir='ltr'>οἵ</span> <span class='ocrx_word' id='word_1_27' title='bbox 1711 359 1837 414; x_wconf 86' lang='grc' dir='ltr'>ε’στι</span> 
     </span>
     <span class='ocr_line' id='line_1_5' title="bbox 231 436 1835 520; baseline 0.003 -23.038"><span class='ocrx_word' id='word_1_28' title='bbox 231 436 598 515; x_wconf 77' lang='grc' dir='ltr'>Ἐξαμπαῖος·</span> <span class='ocrx_word' id='word_1_29' title='bbox 638 442 740 499; x_wconf 82' lang='grc' dir='ltr'>τοῦ</span> <span class='ocrx_word' id='word_1_30' title='bbox 767 440 859 498; x_wconf 83' lang='grc' dir='ltr'>καὶ</span> <span class='ocrx_word' id='word_1_31' title='bbox 883 439 1057 520; x_wconf 78' lang='grc' dir='ltr'>ὀλίγῳ</span> <span class='ocrx_word' id='word_1_32' title='bbox 1080 466 1138 500; x_wconf 88' lang='grc' dir='ltr'>τι</span> <span class='ocrx_word' id='word_1_33' title='bbox 1162 440 1433 518; x_wconf 87' lang='grc' dir='ltr'>πρότερον</span> <span class='ocrx_word' id='word_1_34' title='bbox 1463 441 1670 502; x_wconf 88' lang='grc' dir='ltr'>τούτων</span> <span class='ocrx_word' id='word_1_35' title='bbox 1699 441 1835 518; x_wconf 84' lang='grc' dir='ltr'>μνή-</span> 
     </span>
     <span class='ocr_line' id='line_1_6' title="bbox 229 524 1833 613; baseline 0.004 -29"><span class='ocrx_word' id='word_1_36' title='bbox 229 551 350 603; x_wconf 85' lang='grc' dir='ltr'>μην</span> <span class='ocrx_word' id='word_1_37' title='bbox 390 525 559 604; x_wconf 83' lang='grc' dir='ltr'>εἶχον,</span> <span class='ocrx_word' id='word_1_38' title='bbox 589 524 837 603; x_wconf 77' lang='grc' dir='ltr'>φάμενος</span> <span class='ocrx_word' id='word_1_39' title='bbox 878 532 937 586; x_wconf 79' lang='grc' dir='ltr'>ἐν</span> <span class='ocrx_word' id='word_1_40' title='bbox 976 526 1124 606; x_wconf 75' lang='grc' dir='ltr'>αύτῷ</span> <span class='ocrx_word' id='word_1_41' title='bbox 1162 528 1368 605; x_wconf 84' lang='grc' dir='ltr'>κρήνην</span> <span class='ocrx_word' id='word_1_42' title='bbox 1405 527 1603 593; x_wconf 79' lang='grc' dir='ltr'>ὕδατος</span> <span class='ocrx_word' id='word_1_43' title='bbox 1632 533 1833 613; x_wconf 78' lang='grc' dir='ltr'>πικροῦ</span> 
     </span>
     <span class='ocr_line' id='line_1_7' title="bbox 234 611 1838 692; baseline 0.002 -19"><span class='ocrx_word' id='word_1_44' title='bbox 234 613 398 683; x_wconf 81' lang='grc' dir='ltr'>εἶναι,</span> <span class='ocrx_word' id='word_1_45' title='bbox 433 612 529 673; x_wconf 84' lang='grc' dir='ltr'>ἀπ’</span> <span class='ocrx_word' id='word_1_46' title='bbox 563 611 633 690; x_wconf 85' lang='grc' dir='ltr'>ἦς</span> <span class='ocrx_word' id='word_1_47' title='bbox 656 614 723 675; x_wconf 83' lang='grc' dir='ltr'>τό</span> <span class='ocrx_word' id='word_1_48' title='bbox 750 613 892 691; x_wconf 75' lang='grc' dir='ltr'>ὕδωρ</span> <span class='ocrx_word' id='word_1_49' title='bbox 929 612 1208 692; x_wconf 78' lang='grc' dir='ltr'>ἀπορρέον</span> <span class='ocrx_word' id='word_1_50' title='bbox 1232 616 1333 677; x_wconf 83' lang='grc' dir='ltr'>τόν</span> <span class='ocrx_word' id='word_1_51' title='bbox 1363 615 1663 677; x_wconf 66' lang='grc' dir='ltr'>’Υπανιν”</span> <span class='ocrx_word' id='word_1_52' title='bbox 1626 641 1838 676; x_wconf 87' lang='grc' dir='ltr'>αποτον</span> 
     </span>
     <span class='ocr_line' id='line_1_8' title="bbox 231 700 1838 784; baseline 0.002 -24"><span class='ocrx_word' id='word_1_53' title='bbox 231 701 463 769; x_wconf 89' lang='grc' dir='ltr'>ποιέειν.</span> <span class='ocrx_word' id='word_1_54' title='bbox 519 706 577 761; x_wconf 83' lang='grc' dir='ltr'>ἐν</span> <span class='ocrx_word' id='word_1_55' title='bbox 602 700 779 782; x_wconf 83' lang='grc' dir='ltr'>τούτω</span> <span class='ocrx_word' id='word_1_56' title='bbox 801 706 879 781; x_wconf 71' lang='grc' dir='ltr'>τῷ</span> <span class='ocrx_word' id='word_1_57' title='bbox 903 702 1065 782; x_wconf 79' lang='grc' dir='ltr'>χῶρω</span> <span class='ocrx_word' id='word_1_58' title='bbox 1092 704 1272 764; x_wconf 83' lang='grc' dir='ltr'>κέεται</span> <span class='ocrx_word' id='word_1_59' title='bbox 1297 703 1589 781; x_wconf 80' lang='grc' dir='ltr'>χαλκήϊον,</span> <span class='ocrx_word' id='word_1_60' title='bbox 1604 702 1838 784; x_wconf 81' lang='grc' dir='ltr'>μεγάθεΐ</span> 
     </span>
     <span class='ocr_line' id='line_1_9' title="bbox 235 789 1835 868; baseline 0.004 -20"><span class='ocrx_word' id='word_1_61' title='bbox 235 814 332 848; x_wconf 87' lang='grc' dir='ltr'>και</span> <span class='ocrx_word' id='word_1_62' title='bbox 312 789 696 866; x_wconf 78' lang='grc' dir='ltr'>ἑξαπλήσιον</span> <span class='ocrx_word' id='word_1_63' title='bbox 708 795 810 851; x_wconf 86' lang='grc' dir='ltr'>τοῦ</span> <span class='ocrx_word' id='word_1_64' title='bbox 831 791 922 850; x_wconf 87' lang='grc' dir='ltr'>ε’πὶ</span> <span class='ocrx_word' id='word_1_65' title='bbox 937 791 1182 868; x_wconf 88' lang='grc' dir='ltr'>στόματι</span> <span class='ocrx_word' id='word_1_66' title='bbox 1194 795 1293 852; x_wconf 82' lang='grc' dir='ltr'>τοῦ</span> <span class='ocrx_word' id='word_1_67' title='bbox 1312 791 1534 851; x_wconf 82' lang='grc' dir='ltr'>Πόντου</span> <span class='ocrx_word' id='word_1_68' title='bbox 1551 796 1835 868; x_wconf 80' lang='grc' dir='ltr'>κρητῆρος,</span> 
     </span>
     <span class='ocr_line' id='line_1_10' title="bbox 230 876 1836 966; baseline 0.001 -29"><span class='ocrx_word' id='word_1_69' title='bbox 230 876 336 937; x_wconf 81' lang='grc' dir='ltr'>τόν</span> <span class='ocrx_word' id='word_1_70' title='bbox 377 879 705 966; x_wconf 83' lang='grc' dir='ltr'>Παυσανίης</span> <span class='ocrx_word' id='word_1_71' title='bbox 745 878 778 938; x_wconf 82' lang='grc' dir='ltr'>ὁ</span> <span class='ocrx_word' id='word_1_72' title='bbox 819 878 1237 956; x_wconf 87' lang='grc' dir='ltr'>Κλεομβρότου</span> <span class='ocrx_word' id='word_1_73' title='bbox 1275 878 1526 955; x_wconf 88' lang='grc' dir='ltr'>ἀνέθηκε·</span> <span class='ocrx_word' id='word_1_74' title='bbox 1567 904 1629 942; x_wconf 89' lang='grc' dir='ltr'>ος</span> <span class='ocrx_word' id='word_1_75' title='bbox 1662 880 1721 938; x_wconf 81' lang='grc' dir='ltr'>δὲ</span> <span class='ocrx_word' id='word_1_76' title='bbox 1754 880 1836 956; x_wconf 80' lang='grc' dir='ltr'>μή</span> 
     </span>
     <span class='ocr_line' id='line_1_11' title="bbox 234 963 1837 1074; baseline 0.002 -51"><span class='ocrx_word' id='word_1_77' title='bbox 234 963 353 1024; x_wconf 84' lang='grc' dir='ltr'>εἶδέ</span> <span class='ocrx_word' id='word_1_78' title='bbox 368 989 444 1024; x_wconf 92' lang='grc' dir='ltr'>κω</span> <span class='ocrx_word' id='word_1_79' title='bbox 462 969 676 1041; x_wconf 84' lang='grc' dir='ltr'>τοῦτον,</span> <span class='ocrx_word' id='word_1_80' title='bbox 696 964 799 1026; x_wconf 80' lang='grc' dir='ltr'>ὦδε</span> <span class='ocrx_word' id='word_1_81' title='bbox 819 965 1075 1042; x_wconf 61' lang='grc' dir='ltr'>δηλώσω</span> <span class='ocrx_word' id='word_1_82' title='bbox 1104 966 1425 1035; x_wconf 80' lang='grc' dir='ltr'>ἑξακοσίους</span> <span class='ocrx_word' id='word_1_83' title='bbox 1450 965 1739 1074; x_wconf 83' lang='grc' dir='ltr'>ἀμφορέας</span> <span class='ocrx_word' id='word_1_84' title='bbox 1755 966 1837 1026; x_wconf 83' lang='grc' dir='ltr'>εύ-</span> 
     </span>
     <span class='ocr_line' id='line_1_12' title="bbox 231 1053 1831 1133; baseline 0.001 -22"><span class='ocrx_word' id='word_1_85' title='bbox 231 1053 442 1116; x_wconf 85' lang='grc' dir='ltr'>πετέως</span> <span class='ocrx_word' id='word_1_86' title='bbox 466 1055 661 1132; x_wconf 80' lang='grc' dir='ltr'>χωρέει</span> <span class='ocrx_word' id='word_1_87' title='bbox 686 1053 753 1114; x_wconf 80' lang='grc' dir='ltr'>τὸ</span> <span class='ocrx_word' id='word_1_88' title='bbox 781 1059 840 1114; x_wconf 78' lang='grc' dir='ltr'>ἔν</span> <span class='ocrx_word' id='word_1_89' title='bbox 867 1053 1120 1133; x_wconf 80' lang='grc' dir='ltr'>Σκύθῃσι</span> <span class='ocrx_word' id='word_1_90' title='bbox 1145 1053 1438 1131; x_wconf 79' lang='grc' dir='ltr'>χαλκήϊον.</span> <span class='ocrx_word' id='word_1_91' title='bbox 1478 1053 1660 1130; x_wconf 81' lang='grc' dir='ltr'>πάχος</span> <span class='ocrx_word' id='word_1_92' title='bbox 1686 1053 1746 1112; x_wconf 83' lang='grc' dir='ltr'>δὲ</span> <span class='ocrx_word' id='word_1_93' title='bbox 1764 1053 1831 1113; x_wconf 84' lang='grc' dir='ltr'>τὸ</span> 
     </span>
     <span class='ocr_line' id='line_1_13' title="bbox 236 1138 1836 1220; baseline -0.001 -18"><span class='ocrx_word' id='word_1_94' title='bbox 236 1139 512 1202; x_wconf 79' lang='grc' dir='ltr'>Σκυθικόν</span> <span class='ocrx_word' id='word_1_95' title='bbox 537 1146 704 1201; x_wconf 89' lang='grc' dir='ltr'>τοῦτο</span> <span class='ocrx_word' id='word_1_96' title='bbox 722 1140 999 1220; x_wconf 86' lang='grc' dir='ltr'>χαλκήῖόν</span> <span class='ocrx_word' id='word_1_97' title='bbox 1021 1147 1145 1200; x_wconf 81' lang='grc' dir='ltr'>ἐστι</span> <span class='ocrx_word' id='word_1_98' title='bbox 1163 1140 1447 1201; x_wconf 77' lang='grc' dir='ltr'>δακτύλων</span> <span class='ocrx_word' id='word_1_99' title='bbox 1469 1140 1547 1209; x_wconf 79' lang='grc' dir='ltr'>ἔξ·</span> <span class='ocrx_word' id='word_1_100' title='bbox 1574 1144 1740 1200; x_wconf 88' lang='grc' dir='ltr'>τοῦτο</span> <span class='ocrx_word' id='word_1_101' title='bbox 1762 1138 1836 1200; x_wconf 77' lang='grc' dir='ltr'>ὧν</span> 
     </span>
     <span class='ocr_line' id='line_1_14' title="bbox 234 1223 1836 1308; baseline 0.002 -23"><span class='ocrx_word' id='word_1_102' title='bbox 234 1223 435 1307; x_wconf 80' lang='grc' dir='ltr'>ἔλεγον</span> <span class='ocrx_word' id='word_1_103' title='bbox 453 1232 506 1288; x_wconf 83' lang='grc' dir='ltr'>οἶ</span> <span class='ocrx_word' id='word_1_104' title='bbox 526 1228 811 1307; x_wconf 77' lang='grc' dir='ltr'>ἐπιχώριοι</span> <span class='ocrx_word' id='word_1_105' title='bbox 827 1227 940 1289; x_wconf 69' lang='lat' dir='ltr'>daz-6</span> <span class='ocrx_word' id='word_1_106' title='bbox 960 1228 1160 1306; x_wconf 77' lang='grc' dir='ltr'>ἀρδίων</span> <span class='ocrx_word' id='word_1_107' title='bbox 1177 1228 1459 1308; x_wconf 85' lang='grc' dir='ltr'>γενέσθαι·</span> <span class='ocrx_word' id='word_1_108' title='bbox 1484 1226 1836 1303; x_wconf 84' lang='grc' dir='ltr'>βουλόμενον</span> 
     </span>
     <span class='ocr_line' id='line_1_15' title="bbox 232 1313 1834 1395; baseline 0 -20"><span class='ocrx_word' id='word_1_109' title='bbox 232 1313 351 1394; x_wconf 69' lang='grc' dir='ltr'>γὰρ</span> <span class='ocrx_word' id='word_1_110' title='bbox 365 1315 463 1375; x_wconf 84' lang='grc' dir='ltr'>τὸν</span> <span class='ocrx_word' id='word_1_111' title='bbox 479 1317 758 1393; x_wconf 86' lang='grc' dir='ltr'>σφέτερον</span> <span class='ocrx_word' id='word_1_112' title='bbox 770 1317 1042 1392; x_wconf 84' lang='grc' dir='ltr'>βασιλέα,</span> <span class='ocrx_word' id='word_1_113' title='bbox 1052 1320 1131 1395; x_wconf 74' lang='grc' dir='ltr'>τῷ</span> <span class='ocrx_word' id='word_1_114' title='bbox 1146 1314 1355 1392; x_wconf 80' lang='grc' dir='ltr'>οὕνομα</span> <span class='ocrx_word' id='word_1_115' title='bbox 1372 1314 1510 1375; x_wconf 84' lang='grc' dir='ltr'>εἶναι</span> <span class='ocrx_word' id='word_1_116' title='bbox 1522 1314 1834 1392; x_wconf 83' lang='grc' dir='ltr'>Ἀριαντάν,</span> 
     </span>
     <span class='ocr_line' id='line_1_16' title="bbox 233 1401 1837 1480; baseline 0.002 -20"><span class='ocrx_word' id='word_1_117' title='bbox 233 1405 438 1463; x_wconf 85' lang='grc' dir='ltr'>τοῦτον</span> <span class='ocrx_word' id='word_1_118' title='bbox 465 1404 660 1463; x_wconf 80' lang='grc' dir='ltr'>εἰδέναι</span> <span class='ocrx_word' id='word_1_119' title='bbox 684 1401 750 1463; x_wconf 81' lang='grc' dir='ltr'><em>τό</em></span> <span class='ocrx_word' id='word_1_120' title='bbox 777 1404 997 1479; x_wconf 86' lang='grc' dir='ltr'>πλῆθος</span> <span class='ocrx_word' id='word_1_121' title='bbox 1021 1407 1131 1464; x_wconf 78' lang='grc' dir='ltr'>τῶν</span> <span class='ocrx_word' id='word_1_122' title='bbox 1167 1403 1437 1472; x_wconf 81' lang='grc' dir='ltr'>Σκυθέων,</span> <span class='ocrx_word' id='word_1_123' title='bbox 1465 1401 1706 1462; x_wconf 76' lang='grc' dir='ltr'>κελεύειν</span> <span class='ocrx_word' id='word_1_124' title='bbox 1739 1428 1837 1480; x_wconf 90' lang='grc' dir='ltr'>μιν</span> 
     </span>
     <span class='ocr_line' id='line_1_17' title="bbox 232 1487 1836 1568; baseline 0.002 -20"><span class='ocrx_word' id='word_1_125' title='bbox 232 1487 450 1554; x_wconf 84' lang='grc' dir='ltr'>πάντας</span> <span class='ocrx_word' id='word_1_126' title='bbox 476 1491 694 1555; x_wconf 81' lang='grc' dir='ltr'>Σκύθας</span> <span class='ocrx_word' id='word_1_127' title='bbox 721 1490 877 1568; x_wconf 80' lang='grc' dir='ltr'>ἄρδιν</span> <span class='ocrx_word' id='word_1_128' title='bbox 914 1491 1153 1552; x_wconf 78' lang='grc' dir='ltr'>ἕκαστον</span> <span class='ocrx_word' id='word_1_129' title='bbox 1187 1492 1320 1567; x_wconf 85' lang='grc' dir='ltr'>μίαν</span> <span class='ocrx_word' id='word_1_130' title='bbox 1355 1489 1469 1549; x_wconf 71' lang='grc' dir='ltr'>ἀπὸ</span> <span class='ocrx_word' id='word_1_131' title='bbox 1502 1492 1605 1550; x_wconf 80' lang='grc' dir='ltr'>τοῦ</span> <span class='ocrx_word' id='word_1_132' title='bbox 1639 1489 1836 1551; x_wconf 79' lang='grc' dir='ltr'>ὀϊστοῦ</span> 
     </span>
     <span class='ocr_line' id='line_1_18' title="bbox 235 1577 1836 1656; baseline 0.002 -21"><span class='ocrx_word' id='word_1_133' title='bbox 235 1577 579 1652; x_wconf 86' lang='grc' dir='ltr'>κομίσαι·ος</span> <span class='ocrx_word' id='word_1_134' title='bbox 605 1577 712 1637; x_wconf 61' lang='grc' dir='ltr'>δ’*</span> <span class='ocrx_word' id='word_1_135' title='bbox 679 1604 747 1639; x_wconf 90' lang='grc' dir='ltr'>αν</span> <span class='ocrx_word' id='word_1_136' title='bbox 771 1577 852 1654; x_wconf 78' lang='grc' dir='ltr'>μὴ</span> <span class='ocrx_word' id='word_1_137' title='bbox 880 1578 1108 1656; x_wconf 83' lang='grc' dir='ltr'>κομίσῃ,</span> <span class='ocrx_word' id='word_1_138' title='bbox 1138 1577 1377 1639; x_wconf 87' lang='grc' dir='ltr'>θάνατον</span> <span class='ocrx_word' id='word_1_139' title='bbox 1402 1577 1645 1638; x_wconf 66' lang='grc' dir='ltr'>α’πεῦιεε·</span> <span class='ocrx_word' id='word_1_140' title='bbox 1680 1603 1836 1655; x_wconf 88' lang='grc' dir='ltr'>κομι-</span> 
     </span>
     <span class='ocr_line' id='line_1_19' title="bbox 233 1664 1841 1744; baseline 0.001 -20"><span class='ocrx_word' id='word_1_141' title='bbox 233 1664 453 1740; x_wconf 81' lang='grc' dir='ltr'>σθῆναί</span> <span class='ocrx_word' id='word_1_142' title='bbox 471 1689 533 1725; x_wconf 85' lang='grc' dir='ltr'>τε</span> <span class='ocrx_word' id='word_1_143' title='bbox 560 1664 628 1741; x_wconf 77' lang='grc' dir='ltr'>δή</span> <span class='ocrx_word' id='word_1_144' title='bbox 654 1670 850 1744; x_wconf 86' lang='grc' dir='ltr'>χρῆμα</span> <span class='ocrx_word' id='word_1_145' title='bbox 873 1665 1108 1727; x_wconf 73' lang='grc' dir='ltr'>πολλὰν</span> <span class='ocrx_word' id='word_1_146' title='bbox 1123 1664 1339 1742; x_wconf 88' lang='grc' dir='ltr'>ἀρδίων,</span> <span class='ocrx_word' id='word_1_147' title='bbox 1369 1667 1467 1725; x_wconf 85' lang='grc' dir='ltr'>καί</span> <span class='ocrx_word' id='word_1_148' title='bbox 1498 1668 1552 1725; x_wconf 78' lang='grc' dir='ltr'>οἱ</span> <span class='ocrx_word' id='word_1_149' title='bbox 1588 1664 1745 1735; x_wconf 81' lang='grc' dir='ltr'>δόξαι</span> <span class='ocrx_word' id='word_1_150' title='bbox 1776 1666 1841 1738; x_wconf 80' lang='grc' dir='ltr'>ἐξ</span> 
     </span>
     <span class='ocr_line' id='line_1_20' title="bbox 233 1750 1836 1829; baseline 0.002 -19"><span class='ocrx_word' id='word_1_151' title='bbox 233 1750 445 1811; x_wconf 78' lang='grc' dir='ltr'>αὐτέων</span> <span class='ocrx_word' id='word_1_152' title='bbox 470 1751 832 1829; x_wconf 86' lang='grc' dir='ltr'>μνημόσυνον</span> <span class='ocrx_word' id='word_1_153' title='bbox 857 1752 1160 1828; x_wconf 88' lang='grc' dir='ltr'>ποιήσαντι</span> <span class='ocrx_word' id='word_1_154' title='bbox 1186 1752 1474 1813; x_wconf 85' lang='grc' dir='ltr'>λιπέσθαι·</span> <span class='ocrx_word' id='word_1_155' title='bbox 1516 1758 1577 1813; x_wconf 82' lang='grc' dir='ltr'>ἐκ</span> <span class='ocrx_word' id='word_1_156' title='bbox 1601 1753 1836 1814; x_wconf 85' lang='grc' dir='ltr'>τουτέων</span> 
     </span>
     <span class='ocr_line' id='line_1_21' title="bbox 233 1838 1832 1920; baseline 0.004 -22"><span class='ocrx_word' id='word_1_157' title='bbox 233 1838 312 1915; x_wconf 88' lang='grc' dir='ltr'>δή</span> <span class='ocrx_word' id='word_1_158' title='bbox 333 1865 432 1916; x_wconf 91' lang='grc' dir='ltr'>μιν</span> <span class='ocrx_word' id='word_1_159' title='bbox 457 1840 524 1901; x_wconf 83' lang='grc' dir='ltr'>τὸ</span> <span class='ocrx_word' id='word_1_160' title='bbox 554 1839 830 1920; x_wconf 74' lang='grc' dir='ltr'>χαλκήιον</span> <span class='ocrx_word' id='word_1_161' title='bbox 858 1843 1098 1915; x_wconf 82' lang='grc' dir='ltr'>ποιῆσαι</span> <span class='ocrx_word' id='word_1_162' title='bbox 1126 1844 1310 1914; x_wconf 87' lang='grc' dir='ltr'>τοῦτο,</span> <span class='ocrx_word' id='word_1_163' title='bbox 1341 1841 1433 1900; x_wconf 87' lang='grc' dir='ltr'>καὶ</span> <span class='ocrx_word' id='word_1_164' title='bbox 1468 1839 1804 1902; x_wconf 84' lang='grc' dir='ltr'>ἀναθεῖναι’</span> <span class='ocrx_word' id='word_1_165' title='bbox 1777 1865 1832 1904; x_wconf 85' lang='grc' dir='ltr'>ες</span> 
     </span>
     <span class='ocr_line' id='line_1_22' title="bbox 229 1925 1836 2005; baseline 0.002 -18"><span class='ocrx_word' id='word_1_166' title='bbox 229 1925 338 1987; x_wconf 77' lang='grc' dir='ltr'>τᾶν</span> <span class='ocrx_word' id='word_1_167' title='bbox 359 1926 708 2005; x_wconf 79' lang='grc' dir='ltr'>Ἐξαμπαῖον</span> <span class='ocrx_word' id='word_1_168' title='bbox 731 1932 947 1989; x_wconf 90' lang='grc' dir='ltr'>τοῦτον.</span> <span class='ocrx_word' id='word_1_169' title='bbox 1014 1932 1191 1988; x_wconf 88' lang='grc' dir='ltr'>ταῦτα</span> <span class='ocrx_word' id='word_1_170' title='bbox 1215 1927 1284 2004; x_wconf 76' lang='grc' dir='ltr'>δὴ</span> <span class='ocrx_word' id='word_1_171' title='bbox 1309 1929 1439 2004; x_wconf 84' lang='grc' dir='ltr'>περὶ</span> <span class='ocrx_word' id='word_1_172' title='bbox 1462 1932 1563 1988; x_wconf 91' lang='grc' dir='ltr'>τοῦ</span> <span class='ocrx_word' id='word_1_173' title='bbox 1589 1926 1836 2004; x_wconf 86' lang='grc' dir='ltr'>πλήθεος</span> 
     </span>
     <span class='ocr_line' id='line_1_23' title="bbox 229 2014 1928 2094; baseline 0.002 -20"><span class='ocrx_word' id='word_1_174' title='bbox 229 2018 338 2074; x_wconf 82' lang='grc' dir='ltr'>τοῦ</span> <span class='ocrx_word' id='word_1_175' title='bbox 381 2015 636 2080; x_wconf 79' lang='grc' dir='ltr'>Σκυθέων</span> <span class='ocrx_word' id='word_1_176' title='bbox 675 2014 897 2092; x_wconf 84' lang='grc' dir='ltr'>ἤκουον.</span> <span class='ocrx_word' id='word_1_177' title='bbox 977 2014 1285 2092; x_wconf 84' lang='grc' dir='ltr'>Θωυμάσια</span> <span class='ocrx_word' id='word_1_178' title='bbox 1325 2016 1385 2074; x_wconf 81' lang='grc' dir='ltr'>δὲ</span> <span class='ocrx_word' id='word_1_179' title='bbox 1424 2014 1463 2090; x_wconf 81' lang='grc' dir='ltr'><em>ἦ</em></span> <span class='ocrx_word' id='word_1_180' title='bbox 1501 2015 1657 2094; x_wconf 79' lang='grc' dir='ltr'>χῶρη</span> <span class='ocrx_word' id='word_1_181' title='bbox 1697 2015 1836 2093; x_wconf 75' lang='grc' dir='ltr'>αὕτη</span> <span class='ocrx_word' id='word_1_182' title='bbox 1852 2018 1928 2077; x_wconf 83' lang='grc'>82</span> 
     </span>
     <span class='ocr_line' id='line_1_24' title="bbox 232 2101 1831 2184; baseline 0.004 -23"><span class='ocrx_word' id='word_1_183' title='bbox 232 2101 342 2162; x_wconf 79' lang='grc' dir='ltr'>οὐκ</span> <span class='ocrx_word' id='word_1_184' title='bbox 370 2104 502 2182; x_wconf 83' lang='grc' dir='ltr'>ἔχει,</span> <span class='ocrx_word' id='word_1_185' title='bbox 530 2104 700 2184; x_wconf 78' lang='grc' dir='ltr'>χωρὶς</span> <span class='ocrx_word' id='word_1_186' title='bbox 722 2102 759 2178; x_wconf 85' lang='grc' dir='ltr'><strong><em>ἢ</em></strong></span> <span class='ocrx_word' id='word_1_187' title='bbox 786 2103 873 2164; x_wconf 85' lang='grc' dir='ltr'>ὅτι</span> <span class='ocrx_word' id='word_1_188' title='bbox 897 2102 1183 2179; x_wconf 86' lang='grc' dir='ltr'>ποταμούς</span> <span class='ocrx_word' id='word_1_189' title='bbox 1203 2127 1267 2163; x_wconf 92' lang='grc' dir='ltr'>τε</span> <span class='ocrx_word' id='word_1_190' title='bbox 1281 2105 1493 2180; x_wconf 73' lang='grc' dir='ltr'>,πολλῷ</span> <span class='ocrx_word' id='word_1_191' title='bbox 1514 2105 1831 2183; x_wconf 88' lang='grc' dir='ltr'>μεγίστους,</span> 
     </span>
     <span class='ocr_line' id='line_1_25' title="bbox 230 2188 1837 2268; baseline 0.002 -19"><span class='ocrx_word' id='word_1_192' title='bbox 230 2191 332 2249; x_wconf 82' lang='grc' dir='ltr'>καὶ</span> <span class='ocrx_word' id='word_1_193' title='bbox 358 2190 597 2268; x_wconf 72' lang='grc' dir='ltr'>ἀριθμὸν</span> <span class='ocrx_word' id='word_1_194' title='bbox 622 2192 942 2254; x_wconf 88' lang='grc' dir='ltr'>πλείστους·</span> <span class='ocrx_word' id='word_1_195' title='bbox 983 2189 1018 2250; x_wconf 77' lang='grc' dir='ltr'>ἃ</span> <span class='ocrx_word' id='word_1_196' title='bbox 1044 2191 1105 2250; x_wconf 86' lang='grc' dir='ltr'>δὲ</span> <span class='ocrx_word' id='word_1_197' title='bbox 1130 2188 1538 2266; x_wconf 85' lang='grc' dir='ltr'>ἀποθωυμάσαι</span> <span class='ocrx_word' id='word_1_198' title='bbox 1562 2188 1720 2259; x_wconf 76' lang='grc' dir='ltr'>ἄξιον</span> <span class='ocrx_word' id='word_1_199' title='bbox 1743 2193 1837 2252; x_wconf 84' lang='grc' dir='ltr'>καὶ</span> 
     </span>
     <span class='ocr_line' id='line_1_26' title="bbox 227 2275 1835 2356; baseline 0.003 -21"><span class='ocrx_word' id='word_1_200' title='bbox 227 2275 416 2354; x_wconf 73' lang='grc' dir='ltr'>πάρεξ</span> <span class='ocrx_word' id='word_1_201' title='bbox 454 2282 565 2339; x_wconf 75' lang='grc' dir='ltr'>τῶν</span> <span class='ocrx_word' id='word_1_202' title='bbox 604 2281 872 2354; x_wconf 79' lang='grc' dir='ltr'>ποταμῶν</span> <span class='ocrx_word' id='word_1_203' title='bbox 913 2278 1006 2337; x_wconf 86' lang='grc' dir='ltr'>καὶ</span> <span class='ocrx_word' id='word_1_204' title='bbox 1044 2281 1148 2338; x_wconf 87' lang='grc' dir='ltr'>τοῦ</span> <span class='ocrx_word' id='word_1_205' title='bbox 1190 2275 1464 2356; x_wconf 86' lang='grc' dir='ltr'>μεγάθεος</span> <span class='ocrx_word' id='word_1_206' title='bbox 1501 2279 1605 2337; x_wconf 89' lang='grc' dir='ltr'>τοῦ</span> <span class='ocrx_word' id='word_1_207' title='bbox 1644 2279 1835 2340; x_wconf 84' lang='grc' dir='ltr'>πεδίου</span> 
     </span>
     <span class='ocr_line' id='line_1_27' title="bbox 226 2364 1834 2479; baseline 0.002 -55"><span class='ocrx_word' id='word_1_208' title='bbox 226 2365 556 2444; x_wconf 87' lang='grc' dir='ltr'>παρέχεται,</span> <span class='ocrx_word' id='word_1_209' title='bbox 602 2365 901 2479; x_wconf 78' lang='grc' dir='ltr'>εἰρήσεται·</span> <span class='ocrx_word' id='word_1_210' title='bbox 941 2366 1098 2445; x_wconf 75' lang='grc' dir='ltr'>ἴχνος</span> <span class='ocrx_word' id='word_1_211' title='bbox 1133 2364 1444 2455; x_wconf 87' lang='grc' dir='ltr'>Ἡρακλέος</span> <span class='ocrx_word' id='word_1_212' title='bbox 1484 2364 1802 2439; x_wconf 84' lang='grc' dir='ltr'>φαίνουσι’</span> <span class='ocrx_word' id='word_1_213' title='bbox 1775 2392 1834 2427; x_wconf 88' lang='grc' dir='ltr'>εν</span> 
     </span>
     <span class='ocr_line' id='line_1_28' title="bbox 226 2431 1835 2531; baseline 0.002 -20"><span class='ocrx_word' id='word_1_214' title='bbox 226 2454 415 2531; x_wconf 85' lang='grc' dir='ltr'>πέτρῃ</span> <span class='ocrx_word' id='word_1_215' title='bbox 451 2452 616 2528; x_wconf 80' lang='grc' dir='ltr'>ἐνεόν,</span> <span class='ocrx_word' id='word_1_216' title='bbox 645 2454 711 2514; x_wconf 82' lang='grc' dir='ltr'>τὸ</span> <span class='ocrx_word' id='word_1_217' title='bbox 750 2453 867 2514; x_wconf 83' lang='grc' dir='ltr'>οἶκε</span> <span class='ocrx_word' id='word_1_218' title='bbox 900 2455 1005 2529; x_wconf 81' lang='grc' dir='ltr'>μὲν</span> <span class='ocrx_word' id='word_1_219' title='bbox 1032 2452 1256 2529; x_wconf 85' lang='grc' dir='ltr'>βήματι</span> <span class='ocrx_word' id='word_1_220' title='bbox 1286 2431 1557 2529; x_wconf 75' lang='grc' dir='ltr'>ἀνδρὸς,”</span> <span class='ocrx_word' id='word_1_221' title='bbox 1528 2476 1650 2512; x_wconf 84' lang='grc' dir='ltr'>εστι</span> <span class='ocrx_word' id='word_1_222' title='bbox 1674 2452 1735 2512; x_wconf 83' lang='grc' dir='ltr'>δὲ</span> <span class='ocrx_word' id='word_1_223' title='bbox 1766 2453 1835 2515; x_wconf 72' lang='grc' dir='ltr'>τὰ</span> 
     </span>
     <span class='ocr_line' id='line_1_29' title="bbox 223 2539 1834 2621; baseline 0.001 -22"><span class='ocrx_word' id='word_1_224' title='bbox 223 2541 483 2621; x_wconf 89' lang='grc' dir='ltr'>μέγαθος</span> <span class='ocrx_word' id='word_1_225' title='bbox 522 2542 744 2620; x_wconf 86' lang='grc' dir='ltr'>δίπηχυ,</span> <span class='ocrx_word' id='word_1_226' title='bbox 771 2540 924 2619; x_wconf 85' lang='grc' dir='ltr'>παροὶ</span> <span class='ocrx_word' id='word_1_227' title='bbox 956 2540 1056 2600; x_wconf 82' lang='grc' dir='ltr'>τόν</span> <span class='ocrx_word' id='word_1_228' title='bbox 1088 2541 1276 2616; x_wconf 88' lang='grc' dir='ltr'>Τύρην</span> <span class='ocrx_word' id='word_1_229' title='bbox 1313 2539 1587 2617; x_wconf 84' lang='grc' dir='ltr'>ποταμόν.</span> <span class='ocrx_word' id='word_1_230' title='bbox 1667 2544 1834 2601; x_wconf 90' lang='grc' dir='ltr'>τοῦτο</span> 
     </span>
     <span class='ocr_line' id='line_1_30' title="bbox 222 2625 1833 2705; baseline 0 -19"><span class='ocrx_word' id='word_1_231' title='bbox 222 2628 337 2704; x_wconf 86' lang='grc' dir='ltr'>μέν</span> <span class='ocrx_word' id='word_1_232' title='bbox 364 2654 463 2689; x_wconf 91' lang='grc' dir='ltr'>νυν</span> <span class='ocrx_word' id='word_1_233' title='bbox 493 2628 714 2689; x_wconf 89' lang='grc' dir='ltr'>τοιοῦτό</span> <span class='ocrx_word' id='word_1_234' title='bbox 751 2634 894 2689; x_wconf 84' lang='grc' dir='ltr'>ἐστι.</span> <span class='ocrx_word' id='word_1_235' title='bbox 975 2627 1345 2705; x_wconf 79' lang='grc' dir='ltr'>ἀναβήσομαι</span> <span class='ocrx_word' id='word_1_236' title='bbox 1384 2628 1445 2688; x_wconf 84' lang='grc' dir='ltr'>δὲ</span> <span class='ocrx_word' id='word_1_237' title='bbox 1484 2632 1541 2692; x_wconf 76' lang='grc' dir='ltr'>ἐς</span> <span class='ocrx_word' id='word_1_238' title='bbox 1576 2625 1677 2688; x_wconf 76' lang='grc' dir='ltr'>τᾶν</span> <span class='ocrx_word' id='word_1_239' title='bbox 1714 2626 1833 2687; x_wconf 88' lang='grc' dir='ltr'>κατ’</span> 
     </span>
     <span class='ocr_line' id='line_1_31' title="bbox 224 2714 950 2797; baseline 0.003 -23"><span class='ocrx_word' id='word_1_240' title='bbox 224 2714 414 2795; x_wconf 84' lang='grc' dir='ltr'>οἷρχοὶς</span> <span class='ocrx_word' id='word_1_241' title='bbox 437 2714 536 2791; x_wconf 84' lang='grc' dir='ltr'>ἤῖα</span> <span class='ocrx_word' id='word_1_242' title='bbox 557 2716 735 2786; x_wconf 81' lang='grc' dir='ltr'>λέξων</span> <span class='ocrx_word' id='word_1_243' title='bbox 758 2716 950 2797; x_wconf 84' lang='grc' dir='ltr'>λόγον.</span> 
     </span>
    </p>

    <p class='ocr_par' dir='ltr' id='par_1_2' title="bbox 221 2802 1928 3324">
     <span class='ocr_line' id='line_1_32' title="bbox 312 2802 1928 2880; baseline -0.001 -17"><span class='ocrx_word' id='word_1_244' title='bbox 312 2804 896 2880; x_wconf 83' lang='grc' dir='ltr'>Παρασκευαζομένου</span> <span class='ocrx_word' id='word_1_245' title='bbox 930 2803 1172 2880; x_wconf 86' lang='grc' dir='ltr'>Δαρείου</span> <span class='ocrx_word' id='word_1_246' title='bbox 1209 2804 1301 2864; x_wconf 80' lang='grc' dir='ltr'>ἐπὶ</span> <span class='ocrx_word' id='word_1_247' title='bbox 1333 2802 1463 2867; x_wconf 78' lang='grc' dir='ltr'>τοῦς</span> <span class='ocrx_word' id='word_1_248' title='bbox 1488 2802 1723 2878; x_wconf 81' lang='grc' dir='ltr'>Σκύθας,</span> <span class='ocrx_word' id='word_1_249' title='bbox 1746 2803 1836 2862; x_wconf 86' lang='grc' dir='ltr'>καὶ</span> <span class='ocrx_word' id='word_1_250' title='bbox 1851 2804 1928 2863; x_wconf 86' lang='grc'>83</span> 
     </span>
     <span class='ocr_line' id='line_1_33' title="bbox 223 2890 1835 2972; baseline 0.001 -22"><span class='ocrx_word' id='word_1_251' title='bbox 223 2892 648 2968; x_wconf 77' lang='grc' dir='ltr'>ἐπιπέμποντος</span> <span class='ocrx_word' id='word_1_252' title='bbox 676 2890 953 2972; x_wconf 78' lang='grc' dir='ltr'>ἀγγέλους</span> <span class='ocrx_word' id='word_1_253' title='bbox 984 2891 1343 2962; x_wconf 77' lang='grc' dir='ltr'>ἐπιτάξοντας</span> <span class='ocrx_word' id='word_1_254' title='bbox 1366 2895 1520 2953; x_wconf 85' lang='grc' dir='ltr'>τοῖσι</span> <span class='ocrx_word' id='word_1_255' title='bbox 1541 2894 1646 2969; x_wconf 83' lang='grc' dir='ltr'>μὲν</span> <span class='ocrx_word' id='word_1_256' title='bbox 1668 2892 1835 2963; x_wconf 75' lang='grc' dir='ltr'>πεζὸν</span> 
     </span>
     <span class='ocr_line' id='line_1_34' title="bbox 223 2978 1837 3059; baseline 0.001 -21"><span class='ocrx_word' id='word_1_257' title='bbox 223 2979 485 3056; x_wconf 81' lang='grc' dir='ltr'>στρατόν</span> <span class='ocrx_word' id='word_1_258' title='bbox 523 2983 678 3040; x_wconf 81' lang='grc' dir='ltr'>τοῖσι</span> <span class='ocrx_word' id='word_1_259' title='bbox 719 2980 780 3039; x_wconf 82' lang='grc' dir='ltr'>δὲ</span> <span class='ocrx_word' id='word_1_260' title='bbox 819 2981 945 3045; x_wconf 83' lang='grc' dir='ltr'>νέας</span> <span class='ocrx_word' id='word_1_261' title='bbox 983 2981 1250 3059; x_wconf 87' lang='grc' dir='ltr'>παρέχειν</span> <span class='ocrx_word' id='word_1_262' title='bbox 1282 2982 1437 3041; x_wconf 81' lang='grc' dir='ltr'>τοῖσι</span> <span class='ocrx_word' id='word_1_263' title='bbox 1468 2979 1528 3039; x_wconf 82' lang='grc' dir='ltr'>δὲ</span> <span class='ocrx_word' id='word_1_264' title='bbox 1554 2978 1837 3059; x_wconf 81' lang='grc' dir='ltr'>ζευγνύναι</span> 
     </span>
     <span class='ocr_line' id='line_1_35' title="bbox 221 3065 1835 3145; baseline 0.001 -18"><span class='ocrx_word' id='word_1_265' title='bbox 221 3066 327 3128; x_wconf 80' lang='grc' dir='ltr'>τὸν</span> <span class='ocrx_word' id='word_1_266' title='bbox 354 3068 623 3144; x_wconf 79' lang='grc' dir='ltr'>Θρηΐκιον</span> <span class='ocrx_word' id='word_1_267' title='bbox 648 3067 968 3145; x_wconf 84' lang='grc' dir='ltr'>Βόσπορον,</span> <span class='ocrx_word' id='word_1_268' title='bbox 1002 3066 1354 3144; x_wconf 85' lang='grc' dir='ltr'>Ἀρτάβανος</span> <span class='ocrx_word' id='word_1_269' title='bbox 1392 3066 1426 3127; x_wconf 79' lang='grc' dir='ltr'>ὅ</span> <span class='ocrx_word' id='word_1_270' title='bbox 1464 3065 1835 3135; x_wconf 54' lang='grc' dir='ltr'>Ὑστάσπεος,</span> 
     </span>
     <span class='ocr_line' id='line_1_36' title="bbox 223 3153 1836 3233; baseline -0.002 -19"><span class='ocrx_word' id='word_1_271' title='bbox 223 3153 515 3232; x_wconf 80' lang='grc' dir='ltr'>ἀδελφεὸς</span> <span class='ocrx_word' id='word_1_272' title='bbox 541 3156 644 3216; x_wconf 60' lang='lat' dir='ltr'>{dm</span> <span class='ocrx_word' id='word_1_273' title='bbox 671 3156 932 3231; x_wconf 86' lang='grc' dir='ltr'>Δαρείου,</span> <span class='ocrx_word' id='word_1_274' title='bbox 961 3157 1157 3233; x_wconf 83' lang='grc' dir='ltr'>ἔχρῃζε</span> <span class='ocrx_word' id='word_1_275' title='bbox 1180 3156 1447 3233; x_wconf 72' lang='grc' dir='ltr'>μηδαμῶς</span> <span class='ocrx_word' id='word_1_276' title='bbox 1472 3153 1639 3215; x_wconf 77' lang='grc' dir='ltr'>αὔτόν</span> <span class='ocrx_word' id='word_1_277' title='bbox 1665 3178 1836 3230; x_wconf 90' lang='grc' dir='ltr'>στρα-</span> 
     </span>
     <span class='ocr_line' id='line_1_37' title="bbox 221 3240 1836 3324; baseline -0.001 -22"><span class='ocrx_word' id='word_1_278' title='bbox 221 3242 395 3319; x_wconf 78' lang='grc' dir='ltr'>τηΐην</span> <span class='ocrx_word' id='word_1_279' title='bbox 420 3244 514 3303; x_wconf 81' lang='grc' dir='ltr'>ἐπὶ</span> <span class='ocrx_word' id='word_1_280' title='bbox 540 3242 761 3308; x_wconf 80' lang='grc' dir='ltr'>Σκύθας</span> <span class='ocrx_word' id='word_1_281' title='bbox 783 3242 1095 3313; x_wconf 87' lang='grc' dir='ltr'>ποιέεσθαι,</span> <span class='ocrx_word' id='word_1_282' title='bbox 1113 3243 1434 3324; x_wconf 88' lang='grc' dir='ltr'>καταλέγων</span> <span class='ocrx_word' id='word_1_283' title='bbox 1450 3246 1560 3304; x_wconf 79' lang='grc' dir='ltr'>τῶν</span> <span class='ocrx_word' id='word_1_284' title='bbox 1580 3240 1836 3307; x_wconf 80' lang='grc' dir='ltr'>Σκυθέων</span> 
     </span>
    </p>

    <p class='ocr_par' dir='ltr' id='par_1_3' title="bbox 379 3327 1043 3373">
     <span class='ocr_line' id='line_1_38' title="bbox 379 3327 1043 3373; baseline 0.002 0"><span class='ocrx_word' id='word_1_285' title='bbox 379 3327 444 3373; x_wconf 75' lang='lat'>25</span> <span class='ocrx_word' id='word_1_286' title='bbox 1035 3331 1043 3337; x_wconf 76' lang='grc'><strong>”</strong></span> 
     </span>
    </p>
   </div>
  </div>
 </body>
</html>
