<?xml version="1.0" encoding="UTF-8"?>
<!DOCTYPE html PUBLIC "-//W3C//DTD XHTML 1.0 Transitional//EN"
    "http://www.w3.org/TR/xhtml1/DTD/xhtml1-transitional.dtd">
<html xmlns="http://www.w3.org/1999/xhtml" xml:lang="en" lang="en">
 <head>
  <title>
</title>
<meta http-equiv="Content-Type" content="text/html;charset=utf-8" />
  <meta name='ocr-system' content='tesseract 3.04.00' />
  <meta name='ocr-capabilities' content='ocr_page ocr_carea ocr_par ocr_line ocrx_word'/>
</head>
<body>
  <div class='ocr_page' id='page_1' title='image "./herodotus02unkngoog_0361.png"; bbox 0 0 2184 3517; ppageno 0'>
   <div class='ocr_carea' id='block_1_1' title="bbox 213 113 1925 3359">
    <p class='ocr_par' dir='ltr' id='par_1_1' title="bbox 213 113 1925 3359">
     <span class='ocr_line' id='line_1_1' title="bbox 220 113 1825 178; baseline 0.005 -14"><span class='ocrx_word' id='word_1_1' title='bbox 220 113 510 178; x_wconf 84' lang='lat'>149—153]</span> <span class='ocrx_word' id='word_1_2' title='bbox 804 115 1258 165; x_wconf 76' lang='grc' dir='ltr'>ΜΕΛΠΟΜΕΝΗ.</span> <span class='ocrx_word' id='word_1_3' title='bbox 1733 126 1825 173; x_wconf 71' lang='lat'>:341</span> 
     </span>
     <span class='ocr_line' id='line_1_2' title="bbox 218 193 1831 280; baseline 0.004 -26"><span class='ocrx_word' id='word_1_4' title='bbox 218 193 501 270; x_wconf 84' lang='grc' dir='ltr'>α’ποικίην.</span> <span class='ocrx_word' id='word_1_5' title='bbox 572 194 698 254; x_wconf 87' lang='grc' dir='ltr'>ἐπεί</span> <span class='ocrx_word' id='word_1_6' title='bbox 731 220 794 254; x_wconf 89' lang='grc' dir='ltr'>τε</span> <span class='ocrx_word' id='word_1_7' title='bbox 841 194 900 253; x_wconf 90' lang='grc' dir='ltr'>δὲ</span> <span class='ocrx_word' id='word_1_8' title='bbox 945 198 1118 254; x_wconf 80' lang='grc' dir='ltr'>κακοῦ</span> <span class='ocrx_word' id='word_1_9' title='bbox 1159 196 1316 256; x_wconf 72' lang='grc' dir='ltr'>οὐδὲν</span> <span class='ocrx_word' id='word_1_10' title='bbox 1357 196 1429 275; x_wconf 84' lang='grc' dir='ltr'>ἦν</span> <span class='ocrx_word' id='word_1_11' title='bbox 1471 204 1586 275; x_wconf 88' lang='grc' dir='ltr'>σφι</span> <span class='ocrx_word' id='word_1_12' title='bbox 1630 204 1831 280; x_wconf 84' lang='grc' dir='ltr'>μῆχος,</span> 
     </span>
     <span class='ocr_line' id='line_1_3' title="bbox 220 282 1837 363; baseline 0.004 -21"><span class='ocrx_word' id='word_1_13' title='bbox 220 284 512 359; x_wconf 87' lang='grc' dir='ltr'>πέμπουσι</span> <span class='ocrx_word' id='word_1_14' title='bbox 567 287 621 345; x_wconf 79' lang='grc' dir='ltr'>ἐς</span> <span class='ocrx_word' id='word_1_15' title='bbox 644 290 655 299; x_wconf 79' lang='grc'><em>’</em></span> <span class='ocrx_word' id='word_1_16' title='bbox 678 282 909 359; x_wconf 81' lang='grc' dir='ltr'>Κρήτην</span> <span class='ocrx_word' id='word_1_17' title='bbox 961 283 1239 363; x_wconf 73' lang='grc' dir='ltr'>ἀγγέλους</span> <span class='ocrx_word' id='word_1_18' title='bbox 1292 286 1611 362; x_wconf 80' lang='grc' dir='ltr'>διζημένους</span> <span class='ocrx_word' id='word_1_19' title='bbox 1660 290 1710 347; x_wconf 82' lang='grc' dir='ltr'>εἴ</span> <span class='ocrx_word' id='word_1_20' title='bbox 1752 316 1837 354; x_wconf 87' lang='grc' dir='ltr'>τις</span> 
     </span>
     <span class='ocr_line' id='line_1_4' title="bbox 221 369 1832 455; baseline 0.003 -25"><span class='ocrx_word' id='word_1_21' title='bbox 221 375 461 448; x_wconf 79' lang='grc' dir='ltr'>Κρητῶν</span> <span class='ocrx_word' id='word_1_22' title='bbox 487 370 524 446; x_wconf 83' lang='grc' dir='ltr'>ἢ</span> <span class='ocrx_word' id='word_1_23' title='bbox 549 371 818 447; x_wconf 89' lang='grc' dir='ltr'>μετοίκων</span> <span class='ocrx_word' id='word_1_24' title='bbox 845 369 1151 455; x_wconf 69' lang='grc' dir='ltr'>οἷπιγμένος</span> <span class='ocrx_word' id='word_1_25' title='bbox 1185 373 1267 448; x_wconf 82' lang='grc' dir='ltr'>εἵη</span> <span class='ocrx_word' id='word_1_26' title='bbox 1287 372 1351 436; x_wconf 79' lang='grc' dir='ltr'>,ἐς</span> <span class='ocrx_word' id='word_1_27' title='bbox 1377 376 1636 451; x_wconf 74' lang='grc' dir='ltr'>Αιβύηνς</span> <span class='ocrx_word' id='word_1_28' title='bbox 1680 403 1832 453; x_wconf 85' lang='grc' dir='ltr'>περι-</span> 
     </span>
     <span class='ocr_line' id='line_1_5' title="bbox 218 456 1837 534; baseline 0.004 -16"><span class='ocrx_word' id='word_1_29' title='bbox 218 458 577 534; x_wconf 86' lang='grc' dir='ltr'>πλανώμενοι</span> <span class='ocrx_word' id='word_1_30' title='bbox 603 457 664 516; x_wconf 82' lang='grc' dir='ltr'>δὲ</span> <span class='ocrx_word' id='word_1_31' title='bbox 701 457 873 533; x_wconf 73' lang='grc' dir='ltr'>αὐτὴν</span> <span class='ocrx_word' id='word_1_32' title='bbox 910 456 1064 517; x_wconf 79' lang='grc' dir='ltr'>οὗτοι</span> <span class='ocrx_word' id='word_1_33' title='bbox 1097 459 1363 520; x_wconf 76' lang='grc' dir='ltr'>ἀπίκοντο</span> <span class='ocrx_word' id='word_1_34' title='bbox 1403 464 1494 521; x_wconf 87' lang='grc' dir='ltr'>καὶ</span> <span class='ocrx_word' id='word_1_35' title='bbox 1531 462 1587 527; x_wconf 81' lang='grc' dir='ltr'>ἐς</span> <span class='ocrx_word' id='word_1_36' title='bbox 1612 463 1837 525; x_wconf 85' lang='grc' dir='ltr'>Ἴτανον</span> 
     </span>
     <span class='ocr_line' id='line_1_6' title="bbox 220 545 1837 632; baseline 0.004 -26"><span class='ocrx_word' id='word_1_37' title='bbox 220 546 410 607; x_wconf 86' lang='grc' dir='ltr'>πόλιν·</span> <span class='ocrx_word' id='word_1_38' title='bbox 448 546 508 607; x_wconf 76' lang='grc' dir='ltr'>ἐν</span> <span class='ocrx_word' id='word_1_39' title='bbox 533 545 707 625; x_wconf 78' lang='grc' dir='ltr'>ταύτῃ</span> <span class='ocrx_word' id='word_1_40' title='bbox 736 546 796 606; x_wconf 82' lang='grc' dir='ltr'>δὲ</span> <span class='ocrx_word' id='word_1_41' title='bbox 823 547 1220 628; x_wconf 81' lang='grc' dir='ltr'>συμμίσγουσι</span> <span class='ocrx_word' id='word_1_42' title='bbox 1254 548 1413 626; x_wconf 85' lang='grc' dir='ltr'>οἷνδρὶ</span> <span class='ocrx_word' id='word_1_43' title='bbox 1444 553 1725 628; x_wconf 83' lang='grc' dir='ltr'>πορφυρέῖ</span> <span class='ocrx_word' id='word_1_44' title='bbox 1760 558 1837 632; x_wconf 77' lang='grc' dir='ltr'>τῷ</span> 
     </span>
     <span class='ocr_line' id='line_1_7' title="bbox 219 634 1837 719; baseline 0.004 -26"><span class='ocrx_word' id='word_1_45' title='bbox 219 635 432 711; x_wconf 77' lang='grc' dir='ltr'>οὕνομα</span> <span class='ocrx_word' id='word_1_46' title='bbox 455 636 548 711; x_wconf 84' lang='grc' dir='ltr'>ἔην</span> <span class='ocrx_word' id='word_1_47' title='bbox 570 634 894 712; x_wconf 78' lang='grc' dir='ltr'>Κορώβιος·</span> <span class='ocrx_word' id='word_1_48' title='bbox 925 635 985 698; x_wconf 77' lang='grc' dir='ltr'>ὃς</span> <span class='ocrx_word' id='word_1_49' title='bbox 1013 638 1123 712; x_wconf 81' lang='grc' dir='ltr'>ἔφη</span> <span class='ocrx_word' id='word_1_50' title='bbox 1144 636 1236 695; x_wconf 73' lang='grc' dir='ltr'>ὕπ’</span> <span class='ocrx_word' id='word_1_51' title='bbox 1258 638 1472 715; x_wconf 84' lang='grc' dir='ltr'>οἷνέμων</span> <span class='ocrx_word' id='word_1_52' title='bbox 1492 639 1837 719; x_wconf 74' lang='grc' dir='ltr'>ἀπενειχθεὶς</span> 
     </span>
     <span class='ocr_line' id='line_1_8' title="bbox 218 722 1829 803; baseline 0.004 -22"><span class='ocrx_word' id='word_1_53' title='bbox 218 722 524 783; x_wconf 70' lang='grc' dir='ltr'>ἀπικέσθαι</span> <span class='ocrx_word' id='word_1_54' title='bbox 546 729 599 786; x_wconf 82' lang='grc' dir='ltr'>ἐς</span> <span class='ocrx_word' id='word_1_55' title='bbox 626 723 866 799; x_wconf 83' lang='grc' dir='ltr'>Αιβύην,</span> <span class='ocrx_word' id='word_1_56' title='bbox 897 726 988 782; x_wconf 88' lang='grc' dir='ltr'>καὶ</span> <span class='ocrx_word' id='word_1_57' title='bbox 1015 724 1238 801; x_wconf 80' lang='grc' dir='ltr'>Λιβύης</span> <span class='ocrx_word' id='word_1_58' title='bbox 1266 731 1320 788; x_wconf 83' lang='grc' dir='ltr'>ἐς</span> <span class='ocrx_word' id='word_1_59' title='bbox 1341 729 1609 787; x_wconf 81' lang='grc' dir='ltr'>Πλατέαν</span> <span class='ocrx_word' id='word_1_60' title='bbox 1630 733 1829 803; x_wconf 87' lang='grc' dir='ltr'>νῆσον·</span> 
     </span>
     <span class='ocr_line' id='line_1_9' title="bbox 216 812 1833 893; baseline 0.004 -23"><span class='ocrx_word' id='word_1_61' title='bbox 216 812 409 890; x_wconf 76' lang='grc' dir='ltr'>μισθῷ</span> <span class='ocrx_word' id='word_1_62' title='bbox 448 812 507 871; x_wconf 90' lang='grc' dir='ltr'>δὲ</span> <span class='ocrx_word' id='word_1_63' title='bbox 546 816 745 871; x_wconf 79' lang='grc' dir='ltr'>τοῦτον</span> <span class='ocrx_word' id='word_1_64' title='bbox 785 813 1079 876; x_wconf 83' lang='grc' dir='ltr'>πείσαντες</span> <span class='ocrx_word' id='word_1_65' title='bbox 1121 812 1359 893; x_wconf 85' lang='grc' dir='ltr'>ἦγον·ε’ς</span> <span class='ocrx_word' id='word_1_66' title='bbox 1401 815 1615 891; x_wconf 83' lang='grc' dir='ltr'>Θήρην·</span> <span class='ocrx_word' id='word_1_67' title='bbox 1672 822 1732 875; x_wconf 89' lang='grc' dir='ltr'>ἐκ</span> <span class='ocrx_word' id='word_1_68' title='bbox 1774 818 1833 876; x_wconf 83' lang='grc' dir='ltr'>δὲ</span> 
     </span>
     <span class='ocr_line' id='line_1_10' title="bbox 218 899 1827 979; baseline 0.002 -20"><span class='ocrx_word' id='word_1_69' title='bbox 218 899 409 976; x_wconf 81' lang='grc' dir='ltr'>Θήρης</span> <span class='ocrx_word' id='word_1_70' title='bbox 436 902 637 960; x_wconf 86' lang='grc' dir='ltr'>ἔπλεον</span> <span class='ocrx_word' id='word_1_71' title='bbox 665 900 1013 960; x_wconf 88' lang='grc' dir='ltr'>κατάσκοποι</span> <span class='ocrx_word' id='word_1_72' title='bbox 1048 900 1255 977; x_wconf 80' lang='grc' dir='ltr'>ἄνδρες,</span> <span class='ocrx_word' id='word_1_73' title='bbox 1282 902 1353 961; x_wconf 83' lang='grc' dir='ltr'>τοὶ</span> <span class='ocrx_word' id='word_1_74' title='bbox 1379 908 1572 979; x_wconf 79' lang='grc' dir='ltr'>πρῶτα</span> <span class='ocrx_word' id='word_1_75' title='bbox 1600 903 1664 964; x_wconf 77' lang='grc' dir='ltr'>οὐ</span> <span class='ocrx_word' id='word_1_76' title='bbox 1692 910 1827 963; x_wconf 91' lang='grc' dir='ltr'>πολ-</span> 
     </span>
     <span class='ocr_line' id='line_1_11' title="bbox 217 989 1829 1069; baseline 0.003 -24"><span class='ocrx_word' id='word_1_77' title='bbox 217 989 329 1057; x_wconf 86' lang='grc' dir='ltr'>λοὶ,</span> <span class='ocrx_word' id='word_1_78' title='bbox 359 990 825 1069; x_wconf 86' lang='grc' dir='ltr'>κατηγησαμένου</span> <span class='ocrx_word' id='word_1_79' title='bbox 863 989 922 1047; x_wconf 82' lang='grc' dir='ltr'>δὲ</span> <span class='ocrx_word' id='word_1_80' title='bbox 957 992 1060 1048; x_wconf 84' lang='grc' dir='ltr'>τοῦ</span> <span class='ocrx_word' id='word_1_81' title='bbox 1098 991 1402 1065; x_wconf 85' lang='grc' dir='ltr'>Κορωβίου</span> <span class='ocrx_word' id='word_1_82' title='bbox 1441 995 1495 1053; x_wconf 84' lang='grc' dir='ltr'>ἐς</span> <span class='ocrx_word' id='word_1_83' title='bbox 1520 991 1624 1066; x_wconf 79' lang='grc' dir='ltr'>τήν</span> <span class='ocrx_word' id='word_1_84' title='bbox 1650 995 1829 1067; x_wconf 83' lang='grc' dir='ltr'>νῆσον</span> 
     </span>
     <span class='ocr_line' id='line_1_12' title="bbox 216 1075 1830 1154; baseline 0.002 -19"><span class='ocrx_word' id='word_1_85' title='bbox 216 1075 426 1152; x_wconf 82' lang='grc' dir='ltr'>ταύτην</span> <span class='ocrx_word' id='word_1_86' title='bbox 453 1077 519 1152; x_wconf 77' lang='grc' dir='ltr'>δὴ</span> <span class='ocrx_word' id='word_1_87' title='bbox 546 1077 650 1152; x_wconf 76' lang='grc' dir='ltr'>τήν</span> <span class='ocrx_word' id='word_1_88' title='bbox 676 1078 960 1147; x_wconf 85' lang='grc' dir='ltr'>Πλατέαν,</span> <span class='ocrx_word' id='word_1_89' title='bbox 988 1077 1087 1138; x_wconf 83' lang='grc' dir='ltr'>τὸν</span> <span class='ocrx_word' id='word_1_90' title='bbox 1112 1079 1217 1153; x_wconf 87' lang='grc' dir='ltr'>μὲν</span> <span class='ocrx_word' id='word_1_91' title='bbox 1238 1078 1541 1154; x_wconf 78' lang='grc' dir='ltr'>Κορώβιον</span> <span class='ocrx_word' id='word_1_92' title='bbox 1566 1079 1830 1139; x_wconf 87' lang='grc' dir='ltr'>λείπουσι</span> 
     </span>
     <span class='ocr_line' id='line_1_13' title="bbox 217 1164 1833 1241; baseline 0.002 -18"><span class='ocrx_word' id='word_1_93' title='bbox 217 1165 375 1223; x_wconf 89' lang='grc' dir='ltr'>σιτία</span> <span class='ocrx_word' id='word_1_94' title='bbox 402 1164 801 1229; x_wconf 88' lang='grc' dir='ltr'>καταλιπόντες</span> <span class='ocrx_word' id='word_1_95' title='bbox 831 1164 997 1226; x_wconf 82' lang='grc' dir='ltr'>ὅσων.</span> <span class='ocrx_word' id='word_1_96' title='bbox 1009 1165 1078 1240; x_wconf 72' lang='grc' dir='ltr'>δή</span> <span class='ocrx_word' id='word_1_97' title='bbox 1110 1169 1314 1241; x_wconf 77' lang='grc' dir='ltr'>μηνῶν,</span> <span class='ocrx_word' id='word_1_98' title='bbox 1344 1166 1502 1225; x_wconf 76' lang='grc' dir='ltr'>αὐτοὶ</span> <span class='ocrx_word' id='word_1_99' title='bbox 1536 1166 1596 1224; x_wconf 82' lang='grc' dir='ltr'>δὲ</span> <span class='ocrx_word' id='word_1_100' title='bbox 1628 1167 1833 1228; x_wconf 82' lang='grc' dir='ltr'>ἔπλεον</span> 
     </span>
     <span class='ocr_line' id='line_1_14' title="bbox 217 1252 1832 1333; baseline 0.002 -22"><span class='ocrx_word' id='word_1_101' title='bbox 217 1252 321 1328; x_wconf 79' lang='grc' dir='ltr'>τήν</span> <span class='ocrx_word' id='word_1_102' title='bbox 375 1254 652 1332; x_wconf 87' lang='grc' dir='ltr'>ταχίστην</span> <span class='ocrx_word' id='word_1_103' title='bbox 704 1252 1148 1333; x_wconf 68' lang='grc' dir='ltr'>ἀπαγγελέοντες</span> <span class='ocrx_word' id='word_1_104' title='bbox 1195 1255 1494 1330; x_wconf 87' lang='grc' dir='ltr'>Θηραίοισι</span> <span class='ocrx_word' id='word_1_105' title='bbox 1548 1256 1679 1332; x_wconf 83' lang='grc' dir='ltr'>περὶ</span> <span class='ocrx_word' id='word_1_106' title='bbox 1732 1260 1832 1331; x_wconf 87' lang='grc' dir='ltr'>τῆς</span> 
     </span>
     <span class='ocr_line' id='line_1_15' title="bbox 217 1339 1925 1422; baseline 0.003 -23"><span class='ocrx_word' id='word_1_107' title='bbox 217 1340 416 1416; x_wconf 87' lang='grc' dir='ltr'>νήσου.</span> <span class='ocrx_word' id='word_1_108' title='bbox 476 1339 937 1417; x_wconf 85' lang='grc' dir='ltr'>Ἀποδημεόντων</span> <span class='ocrx_word' id='word_1_109' title='bbox 965 1342 1024 1401; x_wconf 85' lang='grc' dir='ltr'>δὲ</span> <span class='ocrx_word' id='word_1_110' title='bbox 1049 1340 1258 1402; x_wconf 81' lang='grc' dir='ltr'>τούτων</span> <span class='ocrx_word' id='word_1_111' title='bbox 1284 1342 1440 1401; x_wconf 88' lang='grc' dir='ltr'>πλέω</span> <span class='ocrx_word' id='word_1_112' title='bbox 1462 1343 1669 1422; x_wconf 87' lang='grc' dir='ltr'>χρόνον</span> <span class='ocrx_word' id='word_1_113' title='bbox 1689 1348 1790 1403; x_wconf 83' lang='grc' dir='ltr'>τοῦ</span> <span class='ocrx_word' id='word_1_114' title='bbox 1811 1347 1925 1404; x_wconf 84' lang='grc'>152</span> 
     </span>
     <span class='ocr_line' id='line_1_16' title="bbox 218 1429 1830 1509; baseline 0.002 -21"><span class='ocrx_word' id='word_1_115' title='bbox 218 1430 604 1509; x_wconf 84' lang='grc' dir='ltr'>συγκειμένου,</span> <span class='ocrx_word' id='word_1_116' title='bbox 629 1429 730 1489; x_wconf 75' lang='grc' dir='ltr'>τὸν</span> <span class='ocrx_word' id='word_1_117' title='bbox 756 1429 1060 1506; x_wconf 78' lang='grc' dir='ltr'>Κορώβιον</span> <span class='ocrx_word' id='word_1_118' title='bbox 1085 1431 1317 1489; x_wconf 83' lang='grc' dir='ltr'>ἐπέλιπε</span> <span class='ocrx_word' id='word_1_119' title='bbox 1342 1429 1414 1489; x_wconf 84' lang='grc' dir='ltr'>τοὶ</span> <span class='ocrx_word' id='word_1_120' title='bbox 1440 1430 1650 1490; x_wconf 88' lang='grc' dir='ltr'>πάντα·</span> <span class='ocrx_word' id='word_1_121' title='bbox 1687 1431 1830 1507; x_wconf 75' lang='grc' dir='ltr'>μετᾶ-</span> 
     </span>
     <span class='ocr_line' id='line_1_17' title="bbox 218 1517 1831 1595; baseline 0.001 -20"><span class='ocrx_word' id='word_1_122' title='bbox 218 1517 293 1585; x_wconf 85' lang='grc' dir='ltr'>δὲ,</span> <span class='ocrx_word' id='word_1_123' title='bbox 317 1521 449 1592; x_wconf 83' lang='grc' dir='ltr'>νηῦς</span> <span class='ocrx_word' id='word_1_124' title='bbox 471 1518 654 1595; x_wconf 83' lang='grc' dir='ltr'>Σαμίη</span> <span class='ocrx_word' id='word_1_125' title='bbox 680 1521 780 1592; x_wconf 86' lang='grc' dir='ltr'>τῆς</span> <span class='ocrx_word' id='word_1_126' title='bbox 806 1517 1118 1595; x_wconf 80' lang='grc' dir='ltr'>ναύκληρος</span> <span class='ocrx_word' id='word_1_127' title='bbox 1142 1519 1236 1594; x_wconf 80' lang='grc' dir='ltr'>ἔην</span> <span class='ocrx_word' id='word_1_128' title='bbox 1264 1522 1543 1588; x_wconf 83' lang='grc' dir='ltr'>Κωλαῖος,</span> <span class='ocrx_word' id='word_1_129' title='bbox 1571 1520 1831 1578; x_wconf 85' lang='grc' dir='ltr'>πλέουσα</span> 
     </span>
     <span class='ocr_line' id='line_1_18' title="bbox 218 1603 1826 1685; baseline 0.003 -23"><span class='ocrx_word' id='word_1_130' title='bbox 218 1603 302 1662; x_wconf 83' lang='grc' dir='ltr'>ἐπ’</span> <span class='ocrx_word' id='word_1_131' title='bbox 352 1604 640 1685; x_wconf 85' lang='grc' dir='ltr'>Αἰγύπτου</span> <span class='ocrx_word' id='word_1_132' title='bbox 680 1603 992 1684; x_wconf 72' lang='grc' dir='ltr'>ἀπηνείχθη</span> <span class='ocrx_word' id='word_1_133' title='bbox 1036 1611 1091 1668; x_wconf 87' lang='grc' dir='ltr'>ἐς</span> <span class='ocrx_word' id='word_1_134' title='bbox 1132 1605 1237 1682; x_wconf 72' lang='grc' dir='ltr'>τήν</span> <span class='ocrx_word' id='word_1_135' title='bbox 1281 1609 1548 1667; x_wconf 88' lang='grc' dir='ltr'>Πλατέαν</span> <span class='ocrx_word' id='word_1_136' title='bbox 1590 1607 1798 1683; x_wconf 85' lang='grc' dir='ltr'>ταύτην</span> <span class='ocrx_word' id='word_1_137' title='bbox 1811 1634 1826 1647; x_wconf 91' lang='grc'><em>·</em></span> 
     </span>
     <span class='ocr_line' id='line_1_19' title="bbox 215 1692 1827 1773; baseline 0.002 -22"><span class='ocrx_word' id='word_1_138' title='bbox 215 1692 524 1770; x_wconf 88' lang='grc' dir='ltr'>πυθόμενοι</span> <span class='ocrx_word' id='word_1_139' title='bbox 563 1694 623 1752; x_wconf 82' lang='grc' dir='ltr'>δὲ</span> <span class='ocrx_word' id='word_1_140' title='bbox 677 1697 731 1753; x_wconf 80' lang='grc' dir='ltr'>οἱ</span> <span class='ocrx_word' id='word_1_141' title='bbox 785 1694 990 1770; x_wconf 78' lang='grc' dir='ltr'>Σάμιοι</span> <span class='ocrx_word' id='word_1_142' title='bbox 1031 1694 1185 1771; x_wconf 83' lang='grc' dir='ltr'>παροί</span> <span class='ocrx_word' id='word_1_143' title='bbox 1231 1699 1331 1754; x_wconf 86' lang='grc' dir='ltr'>τοῦ</span> <span class='ocrx_word' id='word_1_144' title='bbox 1378 1696 1683 1773; x_wconf 89' lang='grc' dir='ltr'>Κορωβίου</span> <span class='ocrx_word' id='word_1_145' title='bbox 1726 1695 1827 1755; x_wconf 79' lang='grc' dir='ltr'>τᾶν</span> 
     </span>
     <span class='ocr_line' id='line_1_20' title="bbox 215 1779 1826 1864; baseline 0.001 -24"><span class='ocrx_word' id='word_1_146' title='bbox 215 1779 402 1840; x_wconf 87' lang='grc' dir='ltr'>πάντα</span> <span class='ocrx_word' id='word_1_147' title='bbox 427 1781 618 1864; x_wconf 76' lang='grc' dir='ltr'>λόγον,</span> <span class='ocrx_word' id='word_1_148' title='bbox 647 1783 804 1841; x_wconf 88' lang='grc' dir='ltr'>σιτία</span> <span class='ocrx_word' id='word_1_149' title='bbox 831 1785 886 1842; x_wconf 78' lang='grc' dir='ltr'>οἱ</span> <span class='ocrx_word' id='word_1_150' title='bbox 914 1786 1163 1842; x_wconf 84' lang='grc' dir='ltr'>ἐνιαυτοῦ</span> <span class='ocrx_word' id='word_1_151' title='bbox 1194 1784 1627 1847; x_wconf 85' lang='grc' dir='ltr'>καταλείπουσι·</span> <span class='ocrx_word' id='word_1_152' title='bbox 1662 1782 1826 1842; x_wconf 75' lang='grc' dir='ltr'>αὖτοὶ</span> 
     </span>
     <span class='ocr_line' id='line_1_21' title="bbox 215 1868 1830 1952; baseline 0.001 -25"><span class='ocrx_word' id='word_1_153' title='bbox 215 1869 274 1927; x_wconf 82' lang='grc' dir='ltr'>δὲ</span> <span class='ocrx_word' id='word_1_154' title='bbox 303 1868 634 1949; x_wconf 70' lang='grc' dir='ltr'>ἀναχθέντες</span> <span class='ocrx_word' id='word_1_155' title='bbox 661 1876 722 1930; x_wconf 81' lang='grc' dir='ltr'>ἐκ</span> <span class='ocrx_word' id='word_1_156' title='bbox 747 1874 847 1946; x_wconf 83' lang='grc' dir='ltr'>τῆς</span> <span class='ocrx_word' id='word_1_157' title='bbox 872 1869 1052 1946; x_wconf 88' lang='grc' dir='ltr'>νήσου</span> <span class='ocrx_word' id='word_1_158' title='bbox 1073 1870 1168 1929; x_wconf 84' lang='grc' dir='ltr'>καὶ</span> <span class='ocrx_word' id='word_1_159' title='bbox 1187 1869 1521 1952; x_wconf 85' lang='grc' dir='ltr'>γλιχόμενοι</span> <span class='ocrx_word' id='word_1_160' title='bbox 1539 1870 1830 1952; x_wconf 79' lang='grc' dir='ltr'>Αἰγύπτου</span> 
     </span>
     <span class='ocr_line' id='line_1_22' title="bbox 215 1956 1827 2041; baseline 0 -22"><span class='ocrx_word' id='word_1_161' title='bbox 215 1959 420 2019; x_wconf 84' lang='grc' dir='ltr'>ἔπλεον</span> <span class='ocrx_word' id='word_1_162' title='bbox 456 1957 873 2036; x_wconf 75' lang='grc' dir='ltr'>ἀποφερόμενοι,</span> <span class='ocrx_word' id='word_1_163' title='bbox 904 1957 1198 2036; x_wconf 74' lang='grc' dir='ltr'>ἀπηλιώτῃ</span> <span class='ocrx_word' id='word_1_164' title='bbox 1235 1956 1434 2038; x_wconf 76' lang='grc' dir='ltr'>ἀνέμῳ,</span> <span class='ocrx_word' id='word_1_165' title='bbox 1472 1960 1580 2029; x_wconf 87' lang='grc' dir='ltr'>καὶ,</span> <span class='ocrx_word' id='word_1_166' title='bbox 1620 1958 1683 2019; x_wconf 79' lang='grc' dir='ltr'>οὗ</span> <span class='ocrx_word' id='word_1_167' title='bbox 1714 1958 1827 2041; x_wconf 73' lang='grc' dir='ltr'>γάρ</span> 
     </span>
     <span class='ocr_line' id='line_1_23' title="bbox 213 2045 1825 2125; baseline 0.003 -20"><span class='ocrx_word' id='word_1_168' title='bbox 213 2045 358 2106; x_wconf 73' lang='grc' dir='ltr'>ἀνίει</span> <span class='ocrx_word' id='word_1_169' title='bbox 393 2046 460 2107; x_wconf 78' lang='grc' dir='ltr'><em>τό</em></span> <span class='ocrx_word' id='word_1_170' title='bbox 494 2051 730 2123; x_wconf 83' lang='grc' dir='ltr'>πνεῦμα,</span> <span class='ocrx_word' id='word_1_171' title='bbox 755 2046 1075 2123; x_wconf 86' lang='grc' dir='ltr'>Ἡρακλέας</span> <span class='ocrx_word' id='word_1_172' title='bbox 1113 2045 1334 2120; x_wconf 80' lang='grc' dir='ltr'>στήλας</span> <span class='ocrx_word' id='word_1_173' title='bbox 1361 2046 1825 2125; x_wconf 78' lang='grc' dir='ltr'>διεκπερήσαντες</span> 
     </span>
     <span class='ocr_line' id='line_1_24' title="bbox 213 2134 1828 2213; baseline 0.001 -21"><span class='ocrx_word' id='word_1_174' title='bbox 213 2134 484 2195; x_wconf 87' lang='grc' dir='ltr'>οἷπίκοντο</span> <span class='ocrx_word' id='word_1_175' title='bbox 513 2140 568 2198; x_wconf 87' lang='grc' dir='ltr'>ἐς</span> <span class='ocrx_word' id='word_1_176' title='bbox 591 2134 946 2212; x_wconf 77' lang='grc' dir='ltr'>Ταρτησσὸν,</span> <span class='ocrx_word' id='word_1_177' title='bbox 977 2134 1099 2213; x_wconf 82' lang='grc' dir='ltr'>θείῃ</span> <span class='ocrx_word' id='word_1_178' title='bbox 1127 2137 1327 2212; x_wconf 83' lang='grc' dir='ltr'>πομπῇ</span> <span class='ocrx_word' id='word_1_179' title='bbox 1355 2134 1680 2212; x_wconf 86' lang='grc' dir='ltr'>χρεώμενοι.</span> <span class='ocrx_word' id='word_1_180' title='bbox 1760 2135 1828 2195; x_wconf 66' lang='lat' dir='ltr'>vc}</span> 
     </span>
     <span class='ocr_line' id='line_1_25' title="bbox 213 2221 1825 2300; baseline 0 -19"><span class='ocrx_word' id='word_1_181' title='bbox 213 2223 275 2282; x_wconf 80' lang='grc' dir='ltr'>δὲ</span> <span class='ocrx_word' id='word_1_182' title='bbox 311 2222 579 2300; x_wconf 83' lang='grc' dir='ltr'>ἐμπόριον</span> <span class='ocrx_word' id='word_1_183' title='bbox 608 2228 773 2283; x_wconf 86' lang='grc' dir='ltr'>τοῦτο</span> <span class='ocrx_word' id='word_1_184' title='bbox 807 2222 880 2299; x_wconf 81' lang='grc' dir='ltr'>ἦν</span> <span class='ocrx_word' id='word_1_185' title='bbox 916 2221 1434 2299; x_wconf 77' lang='grc' dir='ltr'>άκήρατον.·τοῦτον</span> <span class='ocrx_word' id='word_1_186' title='bbox 1467 2222 1568 2281; x_wconf 75' lang='grc' dir='ltr'>τὸν</span> <span class='ocrx_word' id='word_1_187' title='bbox 1593 2221 1825 2300; x_wconf 88' lang='grc' dir='ltr'>χρόνον·</span> 
     </span>
     <span class='ocr_line' id='line_1_26' title="bbox 213 2308 1827 2388; baseline -0.003 -17"><span class='ocrx_word' id='word_1_188' title='bbox 213 2310 362 2371; x_wconf 76' lang='grc' dir='ltr'>ὥστε</span> <span class='ocrx_word' id='word_1_189' title='bbox 388 2310 882 2386; x_wconf 76' lang='grc' dir='ltr'>ἀπονοστήσαντες</span> <span class='ocrx_word' id='word_1_190' title='bbox 909 2308 1062 2370; x_wconf 82' lang='grc' dir='ltr'>οὗτοι</span> <span class='ocrx_word' id='word_1_191' title='bbox 1089 2309 1289 2380; x_wconf 80' lang='grc' dir='ltr'>ὀπίσω,</span> <span class='ocrx_word' id='word_1_192' title='bbox 1318 2309 1563 2388; x_wconf 85' lang='grc' dir='ltr'>μέγιστα</span> <span class='ocrx_word' id='word_1_193' title='bbox 1592 2308 1658 2383; x_wconf 80' lang='grc' dir='ltr'>δή</span> <span class='ocrx_word' id='word_1_194' title='bbox 1696 2308 1827 2366; x_wconf 88' lang='grc' dir='ltr'>Ἑλ-</span> 
     </span>
     <span class='ocr_line' id='line_1_27' title="bbox 214 2397 1828 2475; baseline -0.002 -16"><span class='ocrx_word' id='word_1_195' title='bbox 214 2399 400 2475; x_wconf 86' lang='grc' dir='ltr'>λήνων</span> <span class='ocrx_word' id='word_1_196' title='bbox 424 2398 646 2460; x_wconf 86' lang='grc' dir='ltr'>πάντων</span> <span class='ocrx_word' id='word_1_197' title='bbox 671 2403 782 2460; x_wconf 79' lang='grc' dir='ltr'>τῶν</span> <span class='ocrx_word' id='word_1_198' title='bbox 815 2399 976 2475; x_wconf 84' lang='grc' dir='ltr'>ἦμεῖς</span> <span class='ocrx_word' id='word_1_199' title='bbox 1013 2398 1274 2474; x_wconf 78' lang='grc' dir='ltr'>οἶτρεκίην</span> <span class='ocrx_word' id='word_1_200' title='bbox 1310 2397 1467 2473; x_wconf 81' lang='grc' dir='ltr'>ἴδμεν</span> <span class='ocrx_word' id='word_1_201' title='bbox 1496 2402 1556 2455; x_wconf 88' lang='grc' dir='ltr'>ἐκ</span> <span class='ocrx_word' id='word_1_202' title='bbox 1584 2397 1828 2473; x_wconf 89' lang='grc' dir='ltr'>φορτίων</span> 
     </span>
     <span class='ocr_line' id='line_1_28' title="bbox 215 2483 1827 2569; baseline -0.002 -23"><span class='ocrx_word' id='word_1_203' title='bbox 215 2488 537 2564; x_wconf 79' lang='grc' dir='ltr'>ἐκέρδησαν,</span> <span class='ocrx_word' id='word_1_204' title='bbox 579 2486 723 2565; x_wconf 87' lang='grc' dir='ltr'>μετά</span> <span class='ocrx_word' id='word_1_205' title='bbox 768 2513 836 2569; x_wconf 86' lang='grc' dir='ltr'>γε</span> <span class='ocrx_word' id='word_1_206' title='bbox 884 2484 1224 2561; x_wconf 79' lang='grc' dir='ltr'>Σώστρατον</span> <span class='ocrx_word' id='word_1_207' title='bbox 1262 2484 1361 2545; x_wconf 77' lang='grc' dir='ltr'>τᾶν</span> <span class='ocrx_word' id='word_1_208' title='bbox 1407 2483 1827 2560; x_wconf 80' lang='grc' dir='ltr'>Λαοδάμαντος,</span> 
     </span>
     <span class='ocr_line' id='line_1_29' title="bbox 216 2570 1821 2657; baseline -0.003 -22"><span class='ocrx_word' id='word_1_209' title='bbox 216 2576 542 2657; x_wconf 83' lang='grc' dir='ltr'>Αἰγινήτην·</span> <span class='ocrx_word' id='word_1_210' title='bbox 580 2575 758 2656; x_wconf 77' lang='grc' dir='ltr'>τούτῳ</span> <span class='ocrx_word' id='word_1_211' title='bbox 784 2577 894 2657; x_wconf 81' lang='grc' dir='ltr'>γοὶρ</span> <span class='ocrx_word' id='word_1_212' title='bbox 924 2573 1024 2634; x_wconf 74' lang='grc' dir='ltr'>οὐκ</span> <span class='ocrx_word' id='word_1_213' title='bbox 1053 2572 1144 2632; x_wconf 85' lang='grc' dir='ltr'>οἷά</span> <span class='ocrx_word' id='word_1_214' title='bbox 1171 2574 1236 2632; x_wconf 88' lang='grc' dir='ltr'>τέ</span> <span class='ocrx_word' id='word_1_215' title='bbox 1260 2578 1383 2632; x_wconf 88' lang='grc' dir='ltr'>ἐστι</span> <span class='ocrx_word' id='word_1_216' title='bbox 1411 2574 1595 2649; x_wconf 87' lang='grc' dir='ltr'>ἐρίσαι</span> <span class='ocrx_word' id='word_1_217' title='bbox 1621 2570 1821 2632; x_wconf 78' lang='grc' dir='ltr'>ἄλλον.</span> 
     </span>
     <span class='ocr_line' id='line_1_30' title="bbox 215 2658 1829 2741; baseline -0.002 -19"><span class='ocrx_word' id='word_1_218' title='bbox 215 2667 269 2722; x_wconf 82' lang='grc' dir='ltr'>οἱ</span> <span class='ocrx_word' id='word_1_219' title='bbox 310 2664 371 2722; x_wconf 83' lang='grc' dir='ltr'>δὲ</span> <span class='ocrx_word' id='word_1_220' title='bbox 412 2664 617 2741; x_wconf 84' lang='grc' dir='ltr'>Σάμιοι</span> <span class='ocrx_word' id='word_1_221' title='bbox 656 2664 760 2739; x_wconf 80' lang='grc' dir='ltr'>τὴν</span> <span class='ocrx_word' id='word_1_222' title='bbox 780 2662 1028 2739; x_wconf 77' lang='grc' dir='ltr'>δεκάτην</span> <span class='ocrx_word' id='word_1_223' title='bbox 1059 2665 1170 2721; x_wconf 78' lang='grc' dir='ltr'>τῶν</span> <span class='ocrx_word' id='word_1_224' title='bbox 1198 2661 1517 2737; x_wconf 83' lang='grc' dir='ltr'>ἐπικερδίων</span> <span class='ocrx_word' id='word_1_225' title='bbox 1546 2658 1829 2729; x_wconf 79' lang='grc' dir='ltr'>ἐξελόντες</span> 
     </span>
     <span class='ocr_line' id='line_1_31' title="bbox 216 2748 1826 2829; baseline 0.001 -18"><span class='ocrx_word' id='word_1_226' title='bbox 216 2751 279 2821; x_wconf 81' lang='grc' dir='ltr'>ἓξ</span> <span class='ocrx_word' id='word_1_227' title='bbox 299 2751 569 2821; x_wconf 85' lang='grc' dir='ltr'>τάλαντα,</span> <span class='ocrx_word' id='word_1_228' title='bbox 599 2752 939 2828; x_wconf 87' lang='grc' dir='ltr'>ἐποιήσαντο</span> <span class='ocrx_word' id='word_1_229' title='bbox 965 2748 1244 2829; x_wconf 76' lang='grc' dir='ltr'>χαλκήϊον</span> <span class='ocrx_word' id='word_1_230' title='bbox 1271 2754 1542 2828; x_wconf 80' lang='grc' dir='ltr'>κρητῆρος</span> <span class='ocrx_word' id='word_1_231' title='bbox 1566 2749 1826 2829; x_wconf 81' lang='grc' dir='ltr'>Ἀργολι-</span> 
     </span>
     <span class='ocr_line' id='line_1_32' title="bbox 215 2834 1827 2919; baseline -0.002 -20"><span class='ocrx_word' id='word_1_232' title='bbox 215 2844 316 2901; x_wconf 82' lang='grc' dir='ltr'>κοῦ</span> <span class='ocrx_word' id='word_1_233' title='bbox 356 2839 609 2916; x_wconf 64' lang='grc' dir='ltr'>τρόπον·</span> <span class='ocrx_word' id='word_1_234' title='bbox 640 2841 802 2917; x_wconf 76' lang='grc' dir='ltr'>πέριξ</span> <span class='ocrx_word' id='word_1_235' title='bbox 839 2841 898 2899; x_wconf 84' lang='grc' dir='ltr'>δὲ</span> <span class='ocrx_word' id='word_1_236' title='bbox 936 2837 1107 2898; x_wconf 68' lang='grc' dir='ltr'>αὐτοῦ</span> <span class='ocrx_word' id='word_1_237' title='bbox 1146 2841 1374 2919; x_wconf 76' lang='grc' dir='ltr'>γρυπῶν</span> <span class='ocrx_word' id='word_1_238' title='bbox 1408 2837 1654 2914; x_wconf 85' lang='grc' dir='ltr'>κεφαλαὶ</span> <span class='ocrx_word' id='word_1_239' title='bbox 1691 2834 1827 2912; x_wconf 81' lang='grc' dir='ltr'>πρό-</span> 
     </span>
     <span class='ocr_line' id='line_1_33' title="bbox 217 2923 1827 3006; baseline -0.003 -19"><span class='ocrx_word' id='word_1_240' title='bbox 217 2931 465 3006; x_wconf 87' lang='grc' dir='ltr'>κροσσοί</span> <span class='ocrx_word' id='word_1_241' title='bbox 501 2933 630 2988; x_wconf 88' lang='grc' dir='ltr'>εἰσι·</span> <span class='ocrx_word' id='word_1_242' title='bbox 674 2930 766 2987; x_wconf 84' lang='grc' dir='ltr'>καὶ</span> <span class='ocrx_word' id='word_1_243' title='bbox 798 2927 1075 3003; x_wconf 83' lang='grc' dir='ltr'>οἷνέθηκαν</span> <span class='ocrx_word' id='word_1_244' title='bbox 1110 2930 1165 2990; x_wconf 87' lang='grc' dir='ltr'>ἐς</span> <span class='ocrx_word' id='word_1_245' title='bbox 1199 2925 1265 2986; x_wconf 74' lang='grc' dir='ltr'>τὰ</span> <span class='ocrx_word' id='word_1_246' title='bbox 1291 2924 1551 3002; x_wconf 90' lang='grc' dir='ltr'>Ἥραιον,</span> <span class='ocrx_word' id='word_1_247' title='bbox 1578 2923 1827 2999; x_wconf 73' lang='grc' dir='ltr'>ὕποστή-</span> 
     </span>
     <span class='ocr_line' id='line_1_34' title="bbox 216 3012 1829 3096; baseline -0.003 -20"><span class='ocrx_word' id='word_1_248' title='bbox 216 3042 418 3080; x_wconf 90' lang='grc' dir='ltr'>σαντες</span> <span class='ocrx_word' id='word_1_249' title='bbox 452 3017 598 3096; x_wconf 76' lang='grc' dir='ltr'>αὐτῷ</span> <span class='ocrx_word' id='word_1_250' title='bbox 635 3021 782 3093; x_wconf 84' lang='grc' dir='ltr'>τρεῖς</span> <span class='ocrx_word' id='word_1_251' title='bbox 817 3015 1095 3095; x_wconf 88' lang='grc' dir='ltr'>χαλκέους</span> <span class='ocrx_word' id='word_1_252' title='bbox 1123 3013 1446 3076; x_wconf 70' lang='grc' dir='ltr'>κολοσσοὺς</span> <span class='ocrx_word' id='word_1_253' title='bbox 1474 3012 1829 3092; x_wconf 79' lang='grc' dir='ltr'>ἑπταπήχεας</span> 
     </span>
     <span class='ocr_line' id='line_1_35' title="bbox 213 3100 1825 3187; baseline -0.005 -22"><span class='ocrx_word' id='word_1_254' title='bbox 213 3110 368 3165; x_wconf 83' lang='grc' dir='ltr'>τοῖσι</span> <span class='ocrx_word' id='word_1_255' title='bbox 409 3104 650 3187; x_wconf 82' lang='grc' dir='ltr'>γούνασι</span> <span class='ocrx_word' id='word_1_256' title='bbox 682 3102 1142 3180; x_wconf 76' lang='grc' dir='ltr'>ἐρηρεισμένους.</span> <span class='ocrx_word' id='word_1_257' title='bbox 1211 3104 1582 3178; x_wconf 79' lang='grc' dir='ltr'>Κυρηναίοισι</span> <span class='ocrx_word' id='word_1_258' title='bbox 1630 3100 1689 3158; x_wconf 83' lang='grc' dir='ltr'>δὲ</span> <span class='ocrx_word' id='word_1_259' title='bbox 1730 3100 1825 3158; x_wconf 80' lang='grc' dir='ltr'>καὶ</span> 
     </span>
     <span class='ocr_line' id='line_1_36' title="bbox 215 3187 1828 3271; baseline -0.006 -17"><span class='ocrx_word' id='word_1_260' title='bbox 215 3194 518 3271; x_wconf 87' lang='grc' dir='ltr'>Θηραίοισι</span> <span class='ocrx_word' id='word_1_261' title='bbox 557 3198 611 3256; x_wconf 92' lang='grc' dir='ltr'>ἐς</span> <span class='ocrx_word' id='word_1_262' title='bbox 646 3191 890 3266; x_wconf 79' lang='grc' dir='ltr'>Σαμίους</span> <span class='ocrx_word' id='word_1_263' title='bbox 931 3187 1044 3247; x_wconf 82' lang='grc' dir='ltr'>οἷπό</span> <span class='ocrx_word' id='word_1_264' title='bbox 1080 3187 1284 3248; x_wconf 78' lang='grc' dir='ltr'>τούτου</span> <span class='ocrx_word' id='word_1_265' title='bbox 1316 3191 1418 3248; x_wconf 81' lang='grc' dir='ltr'>τοῦ</span> <span class='ocrx_word' id='word_1_266' title='bbox 1446 3189 1610 3268; x_wconf 82' lang='grc' dir='ltr'>ἔργου</span> <span class='ocrx_word' id='word_1_267' title='bbox 1634 3191 1828 3264; x_wconf 78' lang='grc' dir='ltr'>πρῶτα</span> 
     </span>
     <span class='ocr_line' id='line_1_37' title="bbox 216 3274 1921 3359; baseline -0.006 -19"><span class='ocrx_word' id='word_1_268' title='bbox 216 3283 408 3357; x_wconf 66' lang='grc' dir='ltr'>φιλίαι,</span> <span class='ocrx_word' id='word_1_269' title='bbox 462 3280 709 3359; x_wconf 77' lang='grc' dir='ltr'>μεγάλαι</span> <span class='ocrx_word' id='word_1_270' title='bbox 760 3275 1205 3353; x_wconf 82' lang='grc' dir='ltr'>συνεκρήθησαν.</span> <span class='ocrx_word' id='word_1_271' title='bbox 1293 3279 1369 3335; x_wconf 81' lang='grc' dir='ltr'>Οἱ</span> <span class='ocrx_word' id='word_1_272' title='bbox 1424 3276 1483 3334; x_wconf 84' lang='grc' dir='ltr'>δὲ</span> <span class='ocrx_word' id='word_1_273' title='bbox 1534 3277 1784 3349; x_wconf 83' lang='grc' dir='ltr'>Θηραῖοι,</span> <span class='ocrx_word' id='word_1_274' title='bbox 1807 3274 1921 3331; x_wconf 89' lang='grc'>153</span> 
     </span>
    </p>
   </div>
  </div>
 </body>
</html>
