<?xml version="1.0" encoding="UTF-8"?>
<!DOCTYPE html PUBLIC "-//W3C//DTD XHTML 1.0 Transitional//EN"
    "http://www.w3.org/TR/xhtml1/DTD/xhtml1-transitional.dtd">
<html xmlns="http://www.w3.org/1999/xhtml" xml:lang="en" lang="en">
 <head>
  <title>
</title>
<meta http-equiv="Content-Type" content="text/html;charset=utf-8" />
  <meta name='ocr-system' content='tesseract 3.04.00' />
  <meta name='ocr-capabilities' content='ocr_page ocr_carea ocr_par ocr_line ocrx_word'/>
</head>
<body>
  <div class='ocr_page' id='page_1' title='image "./herodotus02unkngoog_0167.png"; bbox 0 0 2184 3517; ppageno 0'>
   <div class='ocr_carea' id='block_1_1' title="bbox 27 3190 30 3415">
    <p class='ocr_par' dir='ltr' id='par_1_1' title="bbox 27 3190 30 3415">
     <span class='ocr_line' id='line_1_1' title="bbox 27 3190 30 3415; baseline 0 102"><span class='ocrx_word' id='word_1_1' title='bbox 27 3190 30 3415; x_wconf 95' lang='lat' dir='ltr'> </span> 
     </span>
    </p>
   </div>
   <div class='ocr_carea' id='block_1_2' title="bbox 182 134 1920 3374">
    <p class='ocr_par' dir='ltr' id='par_1_2' title="bbox 182 134 1920 3374">
     <span class='ocr_line' id='line_1_2' title="bbox 182 134 1827 200; baseline 0.004 -17"><span class='ocrx_word' id='word_1_2' title='bbox 182 134 445 200; x_wconf 74' lang='lat'>82—87]</span> <span class='ocrx_word' id='word_1_3' title='bbox 881 139 1207 189; x_wconf 66' lang='lat' dir='ltr'><strong>nwsspnn.</strong></span> <span class='ocrx_word' id='word_1_4' title='bbox 1730 136 1827 189; x_wconf 72' lang='lat'>147</span> 
     </span>
     <span class='ocr_line' id='line_1_3' title="bbox 197 215 1832 294; baseline 0 -20"><span class='ocrx_word' id='word_1_5' title='bbox 197 216 308 275; x_wconf 83' lang='grc' dir='ltr'>καὶ</span> <span class='ocrx_word' id='word_1_6' title='bbox 347 215 461 291; x_wconf 83' lang='grc' dir='ltr'>τήν</span> <span class='ocrx_word' id='word_1_7' title='bbox 497 218 601 294; x_wconf 73' lang='grc' dir='ltr'>μὲν</span> <span class='ocrx_word' id='word_1_8' title='bbox 627 217 1078 294; x_wconf 76' lang='grc' dir='ltr'>σπουδαιοτάτην</span> <span class='ocrx_word' id='word_1_9' title='bbox 1113 216 1321 279; x_wconf 78' lang='grc' dir='ltr'>αὕτέων</span> <span class='ocrx_word' id='word_1_10' title='bbox 1357 216 1509 293; x_wconf 81' lang='grc' dir='ltr'>φασὶ</span> <span class='ocrx_word' id='word_1_11' title='bbox 1547 215 1704 287; x_wconf 73' lang='grc' dir='ltr'>εἶναι,</span> <span class='ocrx_word' id='word_1_12' title='bbox 1730 217 1832 275; x_wconf 89' lang='grc' dir='ltr'>τοῦ</span> 
     </span>
     <span class='ocr_line' id='line_1_4' title="bbox 195 301 1830 384; baseline 0.001 -23"><span class='ocrx_word' id='word_1_13' title='bbox 195 301 314 361; x_wconf 72' lang='grc' dir='ltr'>οὐκ</span> <span class='ocrx_word' id='word_1_14' title='bbox 345 302 515 364; x_wconf 84' lang='grc' dir='ltr'>ὅσιον</span> <span class='ocrx_word' id='word_1_15' title='bbox 539 308 803 382; x_wconf 80' lang='grc' dir='ltr'>ποιεῦμαι</span> <span class='ocrx_word' id='word_1_16' title='bbox 827 304 895 365; x_wconf 75' lang='grc' dir='ltr'>τὰ</span> <span class='ocrx_word' id='word_1_17' title='bbox 923 303 1133 383; x_wconf 79' lang='grc' dir='ltr'>οὔνομα</span> <span class='ocrx_word' id='word_1_18' title='bbox 1161 306 1253 365; x_wconf 87' lang='grc' dir='ltr'>ἐπὶ</span> <span class='ocrx_word' id='word_1_19' title='bbox 1278 302 1511 384; x_wconf 75' lang='grc' dir='ltr'>τοιούτῳ</span> <span class='ocrx_word' id='word_1_20' title='bbox 1537 301 1830 383; x_wconf 83' lang='grc' dir='ltr'>πρήγματι</span> 
     </span>
     <span class='ocr_line' id='line_1_5' title="bbox 194 388 1830 469; baseline -0.001 -19"><span class='ocrx_word' id='word_1_21' title='bbox 194 388 534 468; x_wconf 75' lang='grc' dir='ltr'>ὀνομάζειν,</span> <span class='ocrx_word' id='word_1_22' title='bbox 567 391 673 468; x_wconf 78' lang='grc' dir='ltr'>τὴν</span> <span class='ocrx_word' id='word_1_23' title='bbox 708 392 769 452; x_wconf 79' lang='grc' dir='ltr'>δὲ</span> <span class='ocrx_word' id='word_1_24' title='bbox 809 392 1067 469; x_wconf 82' lang='grc' dir='ltr'>δευτέρην</span> <span class='ocrx_word' id='word_1_25' title='bbox 1103 392 1386 452; x_wconf 80' lang='grc' dir='ltr'>δεικνύασι</span> <span class='ocrx_word' id='word_1_26' title='bbox 1421 390 1830 467; x_wconf 77' lang='grc' dir='ltr'>ὖποδεεστέρην</span> 
     </span>
     <span class='ocr_line' id='line_1_6' title="bbox 195 477 1827 557; baseline 0.001 -21"><span class='ocrx_word' id='word_1_27' title='bbox 195 503 269 537; x_wconf 87' lang='grc' dir='ltr'>τε</span> <span class='ocrx_word' id='word_1_28' title='bbox 301 478 520 556; x_wconf 80' lang='grc' dir='ltr'>ταύτης</span> <span class='ocrx_word' id='word_1_29' title='bbox 559 481 651 539; x_wconf 86' lang='grc' dir='ltr'>καὶ</span> <span class='ocrx_word' id='word_1_30' title='bbox 684 479 1097 557; x_wconf 71' lang='grc' dir='ltr'>εὐτελεστέρην,</span> <span class='ocrx_word' id='word_1_31' title='bbox 1124 480 1230 556; x_wconf 79' lang='grc' dir='ltr'>τὴν</span> <span class='ocrx_word' id='word_1_32' title='bbox 1260 481 1320 540; x_wconf 77' lang='grc' dir='ltr'>δὲ</span> <span class='ocrx_word' id='word_1_33' title='bbox 1351 480 1544 557; x_wconf 85' lang='grc' dir='ltr'>τρίτην</span> <span class='ocrx_word' id='word_1_34' title='bbox 1571 477 1827 539; x_wconf 79' lang='grc' dir='ltr'>εὖτελεσ·</span> 
     </span>
     <span class='ocr_line' id='line_1_7' title="bbox 195 563 1829 645; baseline 0.001 -21"><span class='ocrx_word' id='word_1_35' title='bbox 195 565 413 641; x_wconf 87' lang='grc' dir='ltr'>τάτην·</span> <span class='ocrx_word' id='word_1_36' title='bbox 459 565 779 643; x_wconf 74' lang='grc' dir='ltr'>φράσαντες</span> <span class='ocrx_word' id='word_1_37' title='bbox 809 567 871 627; x_wconf 82' lang='grc' dir='ltr'>δὲ</span> <span class='ocrx_word' id='word_1_38' title='bbox 905 567 1279 630; x_wconf 83' lang='grc' dir='ltr'>πυνθάνονται</span> <span class='ocrx_word' id='word_1_39' title='bbox 1315 566 1445 645; x_wconf 85' lang='grc' dir='ltr'>παρ’</span> <span class='ocrx_word' id='word_1_40' title='bbox 1473 565 1654 627; x_wconf 69' lang='grc' dir='ltr'>αὐτῶν</span> <span class='ocrx_word' id='word_1_41' title='bbox 1686 563 1829 626; x_wconf 71' lang='grc' dir='ltr'>κατιὶ</span> 
     </span>
     <span class='ocr_line' id='line_1_8' title="bbox 196 651 1830 740; baseline -0.001 -27"><span class='ocrx_word' id='word_1_42' title='bbox 196 651 417 740; x_wconf 75' lang='grc' dir='ltr'>ἥντινα</span> <span class='ocrx_word' id='word_1_43' title='bbox 456 654 771 730; x_wconf 86' lang='grc' dir='ltr'>βούλονταί</span> <span class='ocrx_word' id='word_1_44' title='bbox 801 661 916 732; x_wconf 88' lang='grc' dir='ltr'>σφι</span> <span class='ocrx_word' id='word_1_45' title='bbox 951 657 1336 732; x_wconf 81' lang='grc' dir='ltr'>σκευασθῆναι</span> <span class='ocrx_word' id='word_1_46' title='bbox 1368 654 1469 715; x_wconf 85' lang='grc' dir='ltr'>τόν</span> <span class='ocrx_word' id='word_1_47' title='bbox 1504 652 1732 730; x_wconf 85' lang='grc' dir='ltr'>νεκρόν;</span> <span class='ocrx_word' id='word_1_48' title='bbox 1775 655 1830 713; x_wconf 80' lang='grc' dir='ltr'>οἱ</span> 
     </span>
     <span class='ocr_line' id='line_1_9' title="bbox 196 740 1826 826; baseline -0.001 -24"><span class='ocrx_word' id='word_1_49' title='bbox 196 742 318 816; x_wconf 80' lang='grc' dir='ltr'>μὲν</span> <span class='ocrx_word' id='word_1_50' title='bbox 369 741 438 817; x_wconf 74' lang='grc' dir='ltr'>δὴ</span> <span class='ocrx_word' id='word_1_51' title='bbox 481 742 742 814; x_wconf 67' lang='grc' dir='ltr'>ἐκποδῶν,</span> <span class='ocrx_word' id='word_1_52' title='bbox 783 745 972 823; x_wconf 76' lang='grc' dir='ltr'>μισθῷ</span> <span class='ocrx_word' id='word_1_53' title='bbox 1010 743 1485 826; x_wconf 78' lang='grc' dir='ltr'>ὁμολογήσαντες,</span> <span class='ocrx_word' id='word_1_54' title='bbox 1526 740 1826 802; x_wconf 76' lang='grc' dir='ltr'>ἀπαλλάσ-</span> 
     </span>
     <span class='ocr_line' id='line_1_10' title="bbox 200 827 1827 910; baseline 0 -21"><span class='ocrx_word' id='word_1_55' title='bbox 200 854 445 890; x_wconf 89' lang='grc' dir='ltr'>σονται·</span> <span class='ocrx_word' id='word_1_56' title='bbox 500 833 555 891; x_wconf 79' lang='grc' dir='ltr'>οἱ</span> <span class='ocrx_word' id='word_1_57' title='bbox 595 830 656 890; x_wconf 76' lang='grc' dir='ltr'>δὲ</span> <span class='ocrx_word' id='word_1_58' title='bbox 700 831 1137 910; x_wconf 80' lang='grc' dir='ltr'>ὖπολειπόμενοι</span> <span class='ocrx_word' id='word_1_59' title='bbox 1185 837 1244 893; x_wconf 90' lang='grc' dir='ltr'>ἐν</span> <span class='ocrx_word' id='word_1_60' title='bbox 1291 831 1560 908; x_wconf 84' lang='grc' dir='ltr'>οἰκήμασι</span> <span class='ocrx_word' id='word_1_61' title='bbox 1606 828 1709 890; x_wconf 78' lang='grc' dir='ltr'>ὦδε</span> <span class='ocrx_word' id='word_1_62' title='bbox 1755 827 1827 890; x_wconf 63' lang='lat' dir='ltr'>rei</span> 
     </span>
     <span class='ocr_line' id='line_1_11' title="bbox 204 916 1825 1000; baseline 0.001 -24"><span class='ocrx_word' id='word_1_63' title='bbox 204 916 645 979; x_wconf 85' lang='grc' dir='ltr'>σπουδαιότατα</span> <span class='ocrx_word' id='word_1_64' title='bbox 669 920 1047 1000; x_wconf 80' lang='grc' dir='ltr'>ταριχεύουσι·</span> <span class='ocrx_word' id='word_1_65' title='bbox 1080 924 1278 998; x_wconf 77' lang='grc' dir='ltr'>πρῶτα</span> <span class='ocrx_word' id='word_1_66' title='bbox 1301 922 1404 997; x_wconf 79' lang='grc' dir='ltr'>μὲν</span> <span class='ocrx_word' id='word_1_67' title='bbox 1431 921 1645 997; x_wconf 72' lang='grc' dir='ltr'>σκολιῷ</span> <span class='ocrx_word' id='word_1_68' title='bbox 1669 916 1825 994; x_wconf 86' lang='grc' dir='ltr'>σιδή-</span> 
     </span>
     <span class='ocr_line' id='line_1_12' title="bbox 208 1003 1828 1089; baseline 0 -25"><span class='ocrx_word' id='word_1_69' title='bbox 208 1029 297 1083; x_wconf 89' lang='grc' dir='ltr'>ρῳ</span> <span class='ocrx_word' id='word_1_70' title='bbox 328 1004 423 1064; x_wconf 70' lang='lat' dir='ltr'>&amp;ot</span> <span class='ocrx_word' id='word_1_71' title='bbox 459 1009 570 1066; x_wconf 76' lang='grc' dir='ltr'>τῶν</span> <span class='ocrx_word' id='word_1_72' title='bbox 593 1007 929 1085; x_wconf 76' lang='grc' dir='ltr'>μυξωτήρων</span> <span class='ocrx_word' id='word_1_73' title='bbox 959 1007 1226 1089; x_wconf 76' lang='grc' dir='ltr'>ἐξάγουσι</span> <span class='ocrx_word' id='word_1_74' title='bbox 1261 1008 1362 1068; x_wconf 85' lang='grc' dir='ltr'>τόν</span> <span class='ocrx_word' id='word_1_75' title='bbox 1393 1007 1727 1087; x_wconf 86' lang='grc' dir='ltr'>ἐγκέφαλον,</span> <span class='ocrx_word' id='word_1_76' title='bbox 1754 1003 1828 1064; x_wconf 66' lang='grc' dir='ltr'>ταῖ</span> 
     </span>
     <span class='ocr_line' id='line_1_13' title="bbox 212 1091 1826 1178; baseline 0.002 -25"><span class='ocrx_word' id='word_1_77' title='bbox 212 1095 329 1168; x_wconf 77' lang='grc' dir='ltr'>μὲν</span> <span class='ocrx_word' id='word_1_78' title='bbox 356 1091 525 1153; x_wconf 74' lang='grc' dir='ltr'>αὐτοῦ</span> <span class='ocrx_word' id='word_1_79' title='bbox 552 1093 693 1155; x_wconf 80' lang='grc' dir='ltr'>οὕτω</span> <span class='ocrx_word' id='word_1_80' title='bbox 722 1094 1010 1176; x_wconf 80' lang='grc' dir='ltr'>ἐξάγοντες</span> <span class='ocrx_word' id='word_1_81' title='bbox 1032 1096 1107 1156; x_wconf 71' lang='grc' dir='ltr'>τσῖ</span> <span class='ocrx_word' id='word_1_82' title='bbox 1132 1096 1192 1155; x_wconf 85' lang='grc' dir='ltr'>δὲ</span> <span class='ocrx_word' id='word_1_83' title='bbox 1224 1096 1511 1178; x_wconf 74' lang='grc' dir='ltr'>ἐγχέοντες</span> <span class='ocrx_word' id='word_1_84' title='bbox 1535 1091 1826 1169; x_wconf 72' lang='grc' dir='ltr'>φάρμακα·</span> 
     </span>
     <span class='ocr_line' id='line_1_14' title="bbox 213 1179 1828 1263; baseline -0.002 -23"><span class='ocrx_word' id='word_1_85' title='bbox 213 1180 369 1256; x_wconf 72' lang='grc' dir='ltr'>μετὰ</span> <span class='ocrx_word' id='word_1_86' title='bbox 403 1181 479 1252; x_wconf 78' lang='grc' dir='ltr'>δὲ,</span> <span class='ocrx_word' id='word_1_87' title='bbox 507 1181 648 1261; x_wconf 88' lang='grc' dir='ltr'>λίθῳ</span> <span class='ocrx_word' id='word_1_88' title='bbox 683 1184 991 1262; x_wconf 74' lang='grc' dir='ltr'>Αἰθιοπικῷ</span> <span class='ocrx_word' id='word_1_89' title='bbox 1022 1181 1144 1253; x_wconf 77' lang='grc' dir='ltr'>ὀξέϊ</span> <span class='ocrx_word' id='word_1_90' title='bbox 1177 1182 1636 1263; x_wconf 86' lang='grc' dir='ltr'>παρασχίσαντες</span> <span class='ocrx_word' id='word_1_91' title='bbox 1673 1179 1828 1257; x_wconf 68' lang='grc' dir='ltr'>παρὰ.</span> 
     </span>
     <span class='ocr_line' id='line_1_15' title="bbox 213 1268 1826 1348; baseline -0.002 -20"><span class='ocrx_word' id='word_1_92' title='bbox 213 1268 330 1344; x_wconf 81' lang='grc' dir='ltr'>τήν</span> <span class='ocrx_word' id='word_1_93' title='bbox 354 1268 633 1348; x_wconf 85' lang='grc' dir='ltr'>λαπάρην,</span> <span class='ocrx_word' id='word_1_94' title='bbox 663 1271 725 1341; x_wconf 72' lang='grc' dir='ltr'>ἐξ</span> <span class='ocrx_word' id='word_1_95' title='bbox 755 1269 830 1331; x_wconf 78' lang='grc' dir='ltr'>ὧν</span> <span class='ocrx_word' id='word_1_96' title='bbox 857 1271 1009 1332; x_wconf 83' lang='grc' dir='ltr'>εἷλον</span> <span class='ocrx_word' id='word_1_97' title='bbox 1039 1271 1144 1348; x_wconf 83' lang='grc' dir='ltr'>τὴν</span> <span class='ocrx_word' id='word_1_98' title='bbox 1171 1272 1388 1347; x_wconf 87' lang='grc' dir='ltr'>κοιλίην</span> <span class='ocrx_word' id='word_1_99' title='bbox 1412 1273 1626 1330; x_wconf 78' lang='grc' dir='ltr'>πᾶσαν·</span> <span class='ocrx_word' id='word_1_100' title='bbox 1670 1272 1826 1327; x_wconf 91' lang='grc' dir='ltr'>ἐκκα-</span> 
     </span>
     <span class='ocr_line' id='line_1_16' title="bbox 218 1354 1822 1439; baseline -0.001 -23"><span class='ocrx_word' id='word_1_101' title='bbox 218 1356 494 1434; x_wconf 81' lang='grc' dir='ltr'>θῄραντες</span> <span class='ocrx_word' id='word_1_102' title='bbox 529 1357 588 1417; x_wconf 76' lang='grc' dir='ltr'>δὲ</span> <span class='ocrx_word' id='word_1_103' title='bbox 621 1357 794 1435; x_wconf 75' lang='grc' dir='ltr'>αὐτὴν</span> <span class='ocrx_word' id='word_1_104' title='bbox 830 1359 922 1419; x_wconf 82' lang='grc' dir='ltr'>καὶ</span> <span class='ocrx_word' id='word_1_105' title='bbox 959 1358 1324 1436; x_wconf 83' lang='grc' dir='ltr'>διηθήσαντες</span> <span class='ocrx_word' id='word_1_106' title='bbox 1362 1358 1490 1439; x_wconf 79' lang='grc' dir='ltr'>οἴνῳ</span> <span class='ocrx_word' id='word_1_107' title='bbox 1518 1354 1822 1435; x_wconf 69' lang='grc' dir='ltr'>φοινικηίῳ,</span> 
     </span>
     <span class='ocr_line' id='line_1_17' title="bbox 218 1442 1829 1525; baseline 0 -23"><span class='ocrx_word' id='word_1_108' title='bbox 218 1443 383 1508; x_wconf 75' lang='grc' dir='ltr'>αὖτις</span> <span class='ocrx_word' id='word_1_109' title='bbox 409 1445 693 1523; x_wconf 84' lang='grc' dir='ltr'>διηθέουσι</span> <span class='ocrx_word' id='word_1_110' title='bbox 720 1446 1035 1524; x_wconf 87' lang='grc' dir='ltr'>θυμιήμασι</span> <span class='ocrx_word' id='word_1_111' title='bbox 1054 1448 1488 1525; x_wconf 82' lang='grc' dir='ltr'>τετριμμένοισι·</span> <span class='ocrx_word' id='word_1_112' title='bbox 1518 1445 1706 1504; x_wconf 81' lang='grc' dir='ltr'>ἔπειτα</span> <span class='ocrx_word' id='word_1_113' title='bbox 1724 1442 1829 1519; x_wconf 78' lang='grc' dir='ltr'>τήν</span> 
     </span>
     <span class='ocr_line' id='line_1_18' title="bbox 222 1531 1825 1613; baseline -0.001 -20"><span class='ocrx_word' id='word_1_114' title='bbox 222 1531 395 1608; x_wconf 81' lang='grc' dir='ltr'>νηδῦν</span> <span class='ocrx_word' id='word_1_115' title='bbox 436 1532 685 1610; x_wconf 82' lang='grc' dir='ltr'>σμύρνης</span> <span class='ocrx_word' id='word_1_116' title='bbox 728 1533 1006 1610; x_wconf 76' lang='grc' dir='ltr'>ἀκηράτου</span> <span class='ocrx_word' id='word_1_117' title='bbox 1047 1536 1427 1613; x_wconf 82' lang='grc' dir='ltr'>τετριμμένης,</span> <span class='ocrx_word' id='word_1_118' title='bbox 1473 1533 1566 1593; x_wconf 85' lang='grc' dir='ltr'>καὶ</span> <span class='ocrx_word' id='word_1_119' title='bbox 1610 1531 1825 1607; x_wconf 84' lang='grc' dir='ltr'>κασίης,</span> 
     </span>
     <span class='ocr_line' id='line_1_19' title="bbox 224 1618 1824 1700; baseline -0.001 -20"><span class='ocrx_word' id='word_1_120' title='bbox 224 1620 324 1680; x_wconf 83' lang='grc' dir='ltr'>καὶ</span> <span class='ocrx_word' id='word_1_121' title='bbox 352 1623 462 1681; x_wconf 79' lang='grc' dir='ltr'>τῶν</span> <span class='ocrx_word' id='word_1_122' title='bbox 487 1620 678 1682; x_wconf 77' lang='grc' dir='ltr'>ἄλλων</span> <span class='ocrx_word' id='word_1_123' title='bbox 704 1622 1001 1699; x_wconf 87' lang='grc' dir='ltr'>θυωμάτων</span> <span class='ocrx_word' id='word_1_124' title='bbox 1030 1623 1187 1700; x_wconf 80' lang='grc' dir='ltr'>πλὴν</span> <span class='ocrx_word' id='word_1_125' title='bbox 1213 1625 1533 1700; x_wconf 75' lang='grc' dir='ltr'>λιβανωτοῦ</span> <span class='ocrx_word' id='word_1_126' title='bbox 1566 1618 1824 1695; x_wconf 86' lang='grc' dir='ltr'>πλήσαν-</span> 
     </span>
     <span class='ocr_line' id='line_1_20' title="bbox 221 1708 1825 1787; baseline -0.002 -18"><span class='ocrx_word' id='word_1_127' title='bbox 221 1732 335 1786; x_wconf 85' lang='grc' dir='ltr'>τες,</span> <span class='ocrx_word' id='word_1_128' title='bbox 363 1708 750 1786; x_wconf 88' lang='grc' dir='ltr'>συρράπτουσι</span> <span class='ocrx_word' id='word_1_129' title='bbox 777 1709 977 1771; x_wconf 91' lang='grc' dir='ltr'>ὀπίσω·</span> <span class='ocrx_word' id='word_1_130' title='bbox 1009 1713 1187 1771; x_wconf 92' lang='grc' dir='ltr'>ταῦτα</span> <span class='ocrx_word' id='word_1_131' title='bbox 1212 1711 1272 1770; x_wconf 84' lang='grc' dir='ltr'>δὲ</span> <span class='ocrx_word' id='word_1_132' title='bbox 1298 1710 1648 1787; x_wconf 83' lang='grc' dir='ltr'>ποιήσαντες,</span> <span class='ocrx_word' id='word_1_133' title='bbox 1674 1731 1825 1782; x_wconf 89' lang='grc' dir='ltr'>ταρι-</span> 
     </span>
     <span class='ocr_line' id='line_1_21' title="bbox 225 1794 1826 1877; baseline -0.001 -22"><span class='ocrx_word' id='word_1_134' title='bbox 225 1794 460 1875; x_wconf 88' lang='grc' dir='ltr'>χεύουσι</span> <span class='ocrx_word' id='word_1_135' title='bbox 486 1796 657 1877; x_wconf 88' lang='grc' dir='ltr'>λίτρῳ</span> <span class='ocrx_word' id='word_1_136' title='bbox 674 1797 977 1877; x_wconf 82' lang='grc' dir='ltr'>κρύψαντες</span> <span class='ocrx_word' id='word_1_137' title='bbox 995 1798 1206 1877; x_wconf 75' lang='grc' dir='ltr'>ἡμέρας</span> <span class='ocrx_word' id='word_1_138' title='bbox 1228 1797 1633 1876; x_wconf 81' lang='grc' dir='ltr'>ἐβδομήκοντα·</span> <span class='ocrx_word' id='word_1_139' title='bbox 1659 1797 1826 1854; x_wconf 82' lang='grc' dir='ltr'>πλεῦ-</span> 
     </span>
     <span class='ocr_line' id='line_1_22' title="bbox 227 1881 1828 1967; baseline -0.001 -24"><span class='ocrx_word' id='word_1_140' title='bbox 227 1908 327 1947; x_wconf 89' lang='grc' dir='ltr'>νας</span> <span class='ocrx_word' id='word_1_141' title='bbox 377 1884 438 1944; x_wconf 76' lang='grc' dir='ltr'>δὲ</span> <span class='ocrx_word' id='word_1_142' title='bbox 481 1886 717 1946; x_wconf 86' lang='grc' dir='ltr'>τουτέων</span> <span class='ocrx_word' id='word_1_143' title='bbox 764 1884 864 1946; x_wconf 78' lang='grc' dir='ltr'>οὔκ</span> <span class='ocrx_word' id='word_1_144' title='bbox 912 1887 1096 1957; x_wconf 79' lang='grc' dir='ltr'>ἔξεστι</span> <span class='ocrx_word' id='word_1_145' title='bbox 1140 1886 1468 1967; x_wconf 85' lang='grc' dir='ltr'>ταριχεύειν.</span> <span class='ocrx_word' id='word_1_146' title='bbox 1552 1881 1721 1944; x_wconf 69' lang='grc' dir='ltr'>ἐπεσῖν</span> <span class='ocrx_word' id='word_1_147' title='bbox 1767 1882 1828 1942; x_wconf 82' lang='grc' dir='ltr'>δὲ</span> 
     </span>
     <span class='ocr_line' id='line_1_23' title="bbox 227 1969 1830 2051; baseline -0.001 -20"><span class='ocrx_word' id='word_1_148' title='bbox 227 1972 558 2049; x_wconf 86' lang='grc' dir='ltr'>παρέλθωσι</span> <span class='ocrx_word' id='word_1_149' title='bbox 603 1977 663 2033; x_wconf 78' lang='grc' dir='ltr'>αἱ</span> <span class='ocrx_word' id='word_1_150' title='bbox 703 1974 1109 2051; x_wconf 83' lang='grc' dir='ltr'>ἑβδομήκοντα,</span> <span class='ocrx_word' id='word_1_151' title='bbox 1150 1974 1457 2039; x_wconf 88' lang='grc' dir='ltr'>λούσαντες</span> <span class='ocrx_word' id='word_1_152' title='bbox 1496 1972 1596 2034; x_wconf 83' lang='grc' dir='ltr'>τόν</span> <span class='ocrx_word' id='word_1_153' title='bbox 1635 1969 1830 2049; x_wconf 86' lang='grc' dir='ltr'>νεκρόν</span> 
     </span>
     <span class='ocr_line' id='line_1_24' title="bbox 230 2060 1828 2140; baseline 0.001 -22"><span class='ocrx_word' id='word_1_154' title='bbox 230 2060 662 2121; x_wconf 89' lang='grc' dir='ltr'>κατειλίσσουσι</span> <span class='ocrx_word' id='word_1_155' title='bbox 680 2065 795 2122; x_wconf 77' lang='grc' dir='ltr'>πᾶν</span> <span class='ocrx_word' id='word_1_156' title='bbox 811 2060 979 2123; x_wconf 73' lang='grc' dir='ltr'>αὐτοῦ</span> <span class='ocrx_word' id='word_1_157' title='bbox 997 2062 1065 2124; x_wconf 85' lang='grc' dir='ltr'>τό</span> <span class='ocrx_word' id='word_1_158' title='bbox 1087 2068 1255 2140; x_wconf 79' lang='grc' dir='ltr'>σῶμα</span> <span class='ocrx_word' id='word_1_159' title='bbox 1272 2063 1526 2126; x_wconf 84' lang='grc' dir='ltr'>σινδόνος</span> <span class='ocrx_word' id='word_1_160' title='bbox 1543 2060 1828 2138; x_wconf 85' lang='grc' dir='ltr'>βυσσίνης</span> 
     </span>
     <span class='ocr_line' id='line_1_25' title="bbox 229 2147 1826 2231; baseline -0.001 -24"><span class='ocrx_word' id='word_1_161' title='bbox 229 2152 521 2225; x_wconf 78' lang='grc' dir='ltr'>τελαμῶσι</span> <span class='ocrx_word' id='word_1_162' title='bbox 553 2152 1107 2231; x_wconf 66' lang='grc' dir='ltr'>κατατετμημένοισι,</span> <span class='ocrx_word' id='word_1_163' title='bbox 1135 2151 1496 2231; x_wconf 78' lang='grc' dir='ltr'>ὖποχρίοντες</span> <span class='ocrx_word' id='word_1_164' title='bbox 1529 2154 1608 2228; x_wconf 76' lang='grc' dir='ltr'>τῷ</span> <span class='ocrx_word' id='word_1_165' title='bbox 1634 2147 1826 2225; x_wconf 88' lang='grc' dir='ltr'>κόμμι·</span> 
     </span>
     <span class='ocr_line' id='line_1_26' title="bbox 229 2235 1826 2319; baseline -0.001 -23"><span class='ocrx_word' id='word_1_166' title='bbox 229 2240 307 2315; x_wconf 79' lang='grc' dir='ltr'>τῷ</span> <span class='ocrx_word' id='word_1_167' title='bbox 348 2236 418 2313; x_wconf 74' lang='grc' dir='ltr'>δή</span> <span class='ocrx_word' id='word_1_168' title='bbox 455 2236 578 2297; x_wconf 83' lang='grc' dir='ltr'>άντὶ</span> <span class='ocrx_word' id='word_1_169' title='bbox 615 2238 826 2315; x_wconf 88' lang='grc' dir='ltr'>κόλλης</span> <span class='ocrx_word' id='word_1_170' title='bbox 865 2239 938 2299; x_wconf 67' lang='grc' dir='ltr'>ταῖ</span> <span class='ocrx_word' id='word_1_171' title='bbox 972 2238 1169 2299; x_wconf 79' lang='grc' dir='ltr'>πολλοὶ</span> <span class='ocrx_word' id='word_1_172' title='bbox 1205 2241 1475 2319; x_wconf 85' lang='grc' dir='ltr'>χρέωνται</span> <span class='ocrx_word' id='word_1_173' title='bbox 1510 2235 1826 2317; x_wconf 82' lang='grc' dir='ltr'>Αἰγύπτιοι·</span> 
     </span>
     <span class='ocr_line' id='line_1_27' title="bbox 231 2324 1829 2404; baseline -0.003 -19"><span class='ocrx_word' id='word_1_174' title='bbox 231 2325 479 2387; x_wconf 85' lang='grc' dir='ltr'>ἐνθεῦτεν</span> <span class='ocrx_word' id='word_1_175' title='bbox 506 2325 566 2385; x_wconf 80' lang='grc' dir='ltr'>δὲ</span> <span class='ocrx_word' id='word_1_176' title='bbox 597 2325 1043 2404; x_wconf 80' lang='grc' dir='ltr'>παραδεξάμενοί</span> <span class='ocrx_word' id='word_1_177' title='bbox 1066 2353 1166 2404; x_wconf 92' lang='grc' dir='ltr'>μιν</span> <span class='ocrx_word' id='word_1_178' title='bbox 1199 2331 1252 2387; x_wconf 80' lang='grc' dir='ltr'>οἱ</span> <span class='ocrx_word' id='word_1_179' title='bbox 1283 2324 1679 2404; x_wconf 86' lang='grc' dir='ltr'>προσήκοντες,</span> <span class='ocrx_word' id='word_1_180' title='bbox 1706 2347 1829 2381; x_wconf 91' lang='grc' dir='ltr'>ποι-</span> 
     </span>
     <span class='ocr_line' id='line_1_28' title="bbox 233 2409 1827 2494; baseline -0.003 -21"><span class='ocrx_word' id='word_1_181' title='bbox 233 2415 416 2473; x_wconf 84' lang='grc' dir='ltr'>εῦνται</span> <span class='ocrx_word' id='word_1_182' title='bbox 439 2412 662 2483; x_wconf 72' lang='grc' dir='ltr'>ξύλινον</span> <span class='ocrx_word' id='word_1_183' title='bbox 684 2414 859 2475; x_wconf 86' lang='grc' dir='ltr'>τύπον</span> <span class='ocrx_word' id='word_1_184' title='bbox 886 2414 1312 2494; x_wconf 73' lang='grc' dir='ltr'>ἀνθρωποειδέα·</span> <span class='ocrx_word' id='word_1_185' title='bbox 1353 2410 1725 2490; x_wconf 88' lang='grc' dir='ltr'>ποιησάμενοι</span> <span class='ocrx_word' id='word_1_186' title='bbox 1752 2409 1827 2480; x_wconf 78' lang='grc' dir='ltr'>δὲ,</span> 
     </span>
     <span class='ocr_line' id='line_1_29' title="bbox 235 2498 1827 2582; baseline -0.001 -22"><span class='ocrx_word' id='word_1_187' title='bbox 235 2505 531 2582; x_wconf 80' lang='grc' dir='ltr'>ἐσεργνῦσι</span> <span class='ocrx_word' id='word_1_188' title='bbox 554 2501 653 2563; x_wconf 86' lang='grc' dir='ltr'>τόν</span> <span class='ocrx_word' id='word_1_189' title='bbox 667 2503 889 2581; x_wconf 74' lang='grc' dir='ltr'>νεκρόν·</span> <span class='ocrx_word' id='word_1_190' title='bbox 932 2506 1024 2563; x_wconf 84' lang='grc' dir='ltr'>καὶ</span> <span class='ocrx_word' id='word_1_191' title='bbox 1061 2504 1536 2580; x_wconf 70' lang='grc' dir='ltr'>κατακληίσαντες</span> <span class='ocrx_word' id='word_1_192' title='bbox 1562 2498 1704 2559; x_wconf 77' lang='grc' dir='ltr'>οὕτω</span> <span class='ocrx_word' id='word_1_193' title='bbox 1731 2499 1827 2574; x_wconf 90' lang='grc' dir='ltr'>θη-</span> 
     </span>
     <span class='ocr_line' id='line_1_30' title="bbox 233 2584 1830 2672; baseline -0.001 -25"><span class='ocrx_word' id='word_1_194' title='bbox 233 2588 579 2665; x_wconf 83' lang='grc' dir='ltr'>σαυρίζουσι·</span> <span class='ocrx_word' id='word_1_195' title='bbox 632 2589 716 2672; x_wconf 89' lang='grc' dir='ltr'>[ἐν</span> <span class='ocrx_word' id='word_1_196' title='bbox 763 2590 1023 2670; x_wconf 83' lang='grc' dir='ltr'>οἰκήματι</span> <span class='ocrx_word' id='word_1_197' title='bbox 1076 2592 1302 2672; x_wconf 87' lang='grc' dir='ltr'>θηκαίῳ,</span> <span class='ocrx_word' id='word_1_198' title='bbox 1353 2589 1606 2653; x_wconf 78' lang='grc' dir='ltr'>ἱστάντες</span> <span class='ocrx_word' id='word_1_199' title='bbox 1659 2584 1830 2665; x_wconf 82' lang='grc' dir='ltr'>ὀρθόν</span> 
     </span>
     <span class='ocr_line' id='line_1_31' title="bbox 232 2676 1826 2757; baseline -0.001 -22"><span class='ocrx_word' id='word_1_200' title='bbox 232 2676 371 2753; x_wconf 85' lang='grc' dir='ltr'>πρός</span> <span class='ocrx_word' id='word_1_201' title='bbox 392 2680 606 2757; x_wconf 82' lang='grc' dir='ltr'>τοῖχον·</span> <span class='ocrx_word' id='word_1_202' title='bbox 639 2678 779 2739; x_wconf 82' lang='grc' dir='ltr'>οὕτω</span> <span class='ocrx_word' id='word_1_203' title='bbox 804 2681 907 2756; x_wconf 77' lang='grc' dir='ltr'>μὲν</span> <span class='ocrx_word' id='word_1_204' title='bbox 932 2679 1061 2744; x_wconf 82' lang='grc' dir='ltr'>τοῦς</span> <span class='ocrx_word' id='word_1_205' title='bbox 1085 2679 1158 2740; x_wconf 82' lang='grc' dir='ltr'>τοὶ</span> <span class='ocrx_word' id='word_1_206' title='bbox 1184 2681 1646 2740; x_wconf 89' lang='grc' dir='ltr'>πολυτελέστατα</span> <span class='ocrx_word' id='word_1_207' title='bbox 1667 2700 1826 2736; x_wconf 86' lang='grc' dir='ltr'>σκευ·</span> 
     </span>
     <span class='ocr_line' id='line_1_32' title="bbox 236 2762 1920 2848; baseline 0.004 -25"><span class='ocrx_word' id='word_1_208' title='bbox 236 2764 430 2835; x_wconf 86' lang='grc' dir='ltr'>άζουσι</span> <span class='ocrx_word' id='word_1_209' title='bbox 455 2764 720 2848; x_wconf 66' lang='grc' dir='ltr'>νεκρούς]</span> <span class='ocrx_word' id='word_1_210' title='bbox 787 2768 928 2832; x_wconf 81' lang='grc' dir='ltr'>Τοῦς</span> <span class='ocrx_word' id='word_1_211' title='bbox 953 2767 1012 2826; x_wconf 85' lang='grc' dir='ltr'>δὲ</span> <span class='ocrx_word' id='word_1_212' title='bbox 1035 2767 1109 2828; x_wconf 83' lang='grc' dir='ltr'>τοὶ</span> <span class='ocrx_word' id='word_1_213' title='bbox 1133 2769 1286 2845; x_wconf 91' lang='grc' dir='ltr'>μέσα</span> <span class='ocrx_word' id='word_1_214' title='bbox 1311 2767 1696 2846; x_wconf 86' lang='grc' dir='ltr'>βουλομένους</span> <span class='ocrx_word' id='word_1_215' title='bbox 1725 2763 1828 2840; x_wconf 74' lang='grc' dir='ltr'>τὴν</span> <span class='ocrx_word' id='word_1_216' title='bbox 1845 2762 1920 2821; x_wconf 79' lang='grc'>87</span> 
     </span>
     <span class='ocr_line' id='line_1_33' title="bbox 237 2850 1832 2937; baseline -0.001 -25"><span class='ocrx_word' id='word_1_217' title='bbox 237 2853 300 2912; x_wconf 75' lang='grc' dir='ltr'>δὲ</span> <span class='ocrx_word' id='word_1_218' title='bbox 331 2854 707 2931; x_wconf 72' lang='grc' dir='ltr'>πολυτεληΐην</span> <span class='ocrx_word' id='word_1_219' title='bbox 747 2854 1072 2937; x_wconf 87' lang='grc' dir='ltr'>φεύγοντας,</span> <span class='ocrx_word' id='word_1_220' title='bbox 1115 2857 1451 2928; x_wconf 87' lang='grc' dir='ltr'>σκευάζουσι</span> <span class='ocrx_word' id='word_1_221' title='bbox 1492 2853 1613 2915; x_wconf 82' lang='grc' dir='ltr'>ὦδε·</span> <span class='ocrx_word' id='word_1_222' title='bbox 1664 2850 1832 2911; x_wconf 84' lang='grc' dir='ltr'>ἐπεοῖν</span> 
     </span>
     <span class='ocr_line' id='line_1_34' title="bbox 235 2939 1828 3021; baseline -0.003 -20"><span class='ocrx_word' id='word_1_223' title='bbox 235 2941 363 3004; x_wconf 83' lang='grc' dir='ltr'>τοῦς</span> <span class='ocrx_word' id='word_1_224' title='bbox 388 2945 709 3020; x_wconf 87' lang='grc' dir='ltr'>κλυστῆρας</span> <span class='ocrx_word' id='word_1_225' title='bbox 735 2942 1066 3018; x_wconf 87' lang='grc' dir='ltr'>πλήσωνται</span> <span class='ocrx_word' id='word_1_226' title='bbox 1098 2949 1200 3004; x_wconf 87' lang='grc' dir='ltr'>τοῦ</span> <span class='ocrx_word' id='word_1_227' title='bbox 1228 2944 1340 3005; x_wconf 84' lang='grc' dir='ltr'>α’πὸ</span> <span class='ocrx_word' id='word_1_228' title='bbox 1376 2945 1569 3021; x_wconf 86' lang='grc' dir='ltr'>κέδρου</span> <span class='ocrx_word' id='word_1_229' title='bbox 1596 2939 1828 3015; x_wconf 85' lang='grc' dir='ltr'>α’λείφα·</span> 
     </span>
     <span class='ocr_line' id='line_1_35' title="bbox 237 3025 1830 3109; baseline -0.003 -21"><span class='ocrx_word' id='word_1_230' title='bbox 237 3054 329 3093; x_wconf 89' lang='grc' dir='ltr'>τος</span> <span class='ocrx_word' id='word_1_231' title='bbox 344 3031 653 3109; x_wconf 88' lang='grc' dir='ltr'>γινομένου,</span> <span class='ocrx_word' id='word_1_232' title='bbox 677 3036 733 3091; x_wconf 90' lang='grc' dir='ltr'>ἐν</span> <span class='ocrx_word' id='word_1_233' title='bbox 754 3029 828 3091; x_wconf 78' lang='grc' dir='ltr'>ὧν</span> <span class='ocrx_word' id='word_1_234' title='bbox 849 3033 1107 3109; x_wconf 83' lang='grc' dir='ltr'>ἔπλησαν</span> <span class='ocrx_word' id='word_1_235' title='bbox 1125 3036 1226 3092; x_wconf 86' lang='grc' dir='ltr'>τοῦ</span> <span class='ocrx_word' id='word_1_236' title='bbox 1249 3035 1443 3109; x_wconf 82' lang='grc' dir='ltr'>νεκροῦ</span> <span class='ocrx_word' id='word_1_237' title='bbox 1469 3030 1573 3105; x_wconf 81' lang='grc' dir='ltr'>τήν</span> <span class='ocrx_word' id='word_1_238' title='bbox 1594 3025 1830 3100; x_wconf 87' lang='grc' dir='ltr'>κοιλίην,</span> 
     </span>
     <span class='ocr_line' id='line_1_36' title="bbox 240 3112 1832 3196; baseline 0.003 -20"><span class='ocrx_word' id='word_1_239' title='bbox 240 3115 362 3177; x_wconf 77' lang='grc' dir='ltr'>οὔτε</span> <span class='ocrx_word' id='word_1_240' title='bbox 396 3115 771 3196; x_wconf 73' lang='grc' dir='ltr'>ἀναταμόντες</span> <span class='ocrx_word' id='word_1_241' title='bbox 807 3119 975 3180; x_wconf 79' lang='grc' dir='ltr'>αὖτόν</span> <span class='ocrx_word' id='word_1_242' title='bbox 1016 3119 1145 3179; x_wconf 76' lang='grc' dir='ltr'>οὔτε</span> <span class='ocrx_word' id='word_1_243' title='bbox 1185 3119 1469 3189; x_wconf 83' lang='grc' dir='ltr'>ἐξελόντες</span> <span class='ocrx_word' id='word_1_244' title='bbox 1506 3115 1610 3193; x_wconf 78' lang='grc' dir='ltr'>τὴν</span> <span class='ocrx_word' id='word_1_245' title='bbox 1649 3112 1832 3189; x_wconf 70' lang='grc' dir='ltr'>νηδῦν,</span> 
     </span>
     <span class='ocr_line' id='line_1_37' title="bbox 242 3197 1834 3285; baseline -0.003 -21"><span class='ocrx_word' id='word_1_246' title='bbox 242 3204 379 3265; x_wconf 70' lang='grc' dir='ltr'>κατὰ</span> <span class='ocrx_word' id='word_1_247' title='bbox 404 3205 463 3265; x_wconf 74' lang='grc' dir='ltr'>δὲ</span> <span class='ocrx_word' id='word_1_248' title='bbox 487 3206 591 3283; x_wconf 76' lang='grc' dir='ltr'>τὴν</span> <span class='ocrx_word' id='word_1_249' title='bbox 624 3206 787 3285; x_wconf 80' lang='grc' dir='ltr'>ἕδρην</span> <span class='ocrx_word' id='word_1_250' title='bbox 813 3206 1213 3283; x_wconf 85' lang='grc' dir='ltr'>ἐσηθήσαντες·</span> <span class='ocrx_word' id='word_1_251' title='bbox 1257 3207 1349 3265; x_wconf 85' lang='grc' dir='ltr'>καὶ</span> <span class='ocrx_word' id='word_1_252' title='bbox 1377 3201 1744 3281; x_wconf 87' lang='grc' dir='ltr'>ἐπιλαβόντες</span> <span class='ocrx_word' id='word_1_253' title='bbox 1765 3197 1834 3261; x_wconf 82' lang='grc' dir='ltr'><em>τό</em></span> 
     </span>
     <span class='ocr_line' id='line_1_38' title="bbox 244 3291 1834 3374; baseline -0.004 -21"><span class='ocrx_word' id='word_1_254' title='bbox 244 3291 469 3374; x_wconf 87' lang='grc' dir='ltr'>κλύσμα</span> <span class='ocrx_word' id='word_1_255' title='bbox 510 3297 612 3371; x_wconf 87' lang='grc' dir='ltr'>τῆς</span> <span class='ocrx_word' id='word_1_256' title='bbox 652 3293 836 3355; x_wconf 81' lang='grc' dir='ltr'>ὀπίσω</span> <span class='ocrx_word' id='word_1_257' title='bbox 880 3293 1032 3364; x_wconf 83' lang='grc' dir='ltr'>ὀδοῦ,</span> <span class='ocrx_word' id='word_1_258' title='bbox 1074 3291 1436 3374; x_wconf 74' lang='grc' dir='ltr'>ταριχεύουσι</span> <span class='ocrx_word' id='word_1_259' title='bbox 1475 3291 1576 3357; x_wconf 76' lang='grc' dir='ltr'>τὰς</span> <span class='ocrx_word' id='word_1_260' title='bbox 1616 3311 1834 3367; x_wconf 89' lang='grc' dir='ltr'>προκει-</span> 
     </span>
    </p>
   </div>
  </div>
 </body>
</html>
