2184 3517
302 102 400 149 230
899 97 1264 148 ἯΡοΔοΤοϊ
1772 95 1904 160 [IIL

301 179 479 256 ἴδμεν·
509 181 613 240 τοῦ
636 177 973 257 ἀρχιτέκτων
990 181 1211 253 πρῶτος
1237 177 1455 258 ἐγένετο
1476 175 1697 241 Ῥοῖκος
1718 178 1912 236 Φίλεω

304 266 610 346 ἐπιχώριος.
679 264 887 327 τούτων
926 264 1131 325 εἵνεκεν
1169 264 1397 342 μᾶλλόν
1424 290 1483 325 τι
1513 263 1643 341 περὶ
1680 264 1912 341 Σαμίων

303 354 565 431 ἐμήκυνα.

386 440 682 521 Καμβύσῃ
708 442 769 501 δὲ
793 444 869 521 τῷ
894 440 1102 517 Κύρου,
1129 441 1441 519 χρονίζοντι
1466 440 1596 518 περὶ
1617 441 1914 521 Αἴγυπτον

302 532 395 590 καὶ
444 527 965 607 παραφρονήσαντι,
1021 528 1414 588 ἐπανιστέαται
1465 526 1659 603 ανδρες
1709 526 1912 608 Μάγοι

302 618 401 679 δύο
445 616 733 693 ἀδελφεοί·
800 620 912 677 τῶν
956 615 1057 677 τᾶν
1106 617 1294 693 ἕτερον
1347 616 1755 676 καταλελοίπεε
1795 619 1915 676 τῶν

302 707 486 766 οἰκίων
535 703 847 783 μελεδωνὸν
893 703 927 763 ὅ
973 702 1320 781 Καμβύσης·
1388 701 1551 768 οὗτος
1596 703 1667 780 δή
1722 701 1803 763 ὧν
1854 706 1914 762 οἱ

302 794 597 869 ἐπανέστη,
629 791 822 868 μαθών
856 817 920 852 τε
955 790 1055 851 τὸν
1092 791 1364 868 Σμέρδιος
1399 791 1643 852 θάνατον
1677 789 1750 855 ὥς
1781 790 1912 869 κρύ-

232 880 238 886 ’
300 907 498 941 πτοιτο
523 879 834 962 γενόμενος,
858 879 950 938 καὶ
976 878 1049 943 ὥς
1074 878 1263 960 ὀλίγοι
1286 879 1437 955 ἦσαν
1462 882 1516 939 οἶ
1544 877 1914 956 ἐπιστάμενοι

303 968 482 1031 αὐτῶν
522 969 806 1047 Περσέων,
835 969 889 1027 οἱ
928 966 990 1027 δὲ
1027 967 1243 1027 πολλοὶ
1280 966 1573 1045 περιεόντα
1610 992 1710 1043 μιν
1752 967 1912 1027 εἰδεί-

302 1084 471 1135 ησαν·
509 1058 651 1135 πρὸς
675 1060 851 1117 ταῦτα
875 1054 1201 1131 βουλεύσας
1228 1054 1364 1115 τάδε
1395 1055 1729 1136 ἐπεχείρησε
1751 1057 1913 1115 τοῖσι

304 1147 686 1223 βασιληΐοισι·
727 1142 799 1219 ἦν
824 1146 879 1204 οἱ
901 1141 1196 1218 αδελφεὸς,
1220 1168 1321 1204 τον
1353 1142 1486 1202 εἶπά
1508 1145 1564 1202 οἱ
1596 1167 1913 1203 συνεπανα-

305 1238 526 1311 στῆναι,
554 1232 713 1296 οἰκως
751 1231 1008 1309 μάλιστα
1044 1229 1114 1290 τὸ
1156 1230 1299 1293 εἶδος
1339 1230 1547 1308 Σμέρδι
1583 1233 1663 1309 τῷ
1693 1229 1910 1307 Κύρου·

304 1321 405 1384 τόν
429 1321 463 1382 ὅ
491 1319 835 1399 Καμβύσης,
864 1318 1025 1380 ἐόντα
1050 1320 1252 1377 ἑωυτοῦ
1278 1316 1575 1394 ἀδελφεὸν,
1598 1316 1910 1378 ἀπέκτεινε·

305 1409 377 1484 ἦν
397 1434 461 1469 τε
486 1408 554 1484 δὴ
580 1408 774 1485 ὁμοῖος
810 1407 953 1470 εἶδος
982 1410 1060 1484 τῷ
1101 1405 1308 1483 Σμέρδι
1341 1406 1436 1465 καὶ
1469 1403 1538 1481 δὴ
1567 1406 1660 1464 καὶ
1694 1404 1912 1481 οὕνομα

306 1494 482 1557 τῶυτὸ
511 1496 628 1574 εἶχε
653 1495 913 1571 Σμέρδιν·
954 1499 1155 1555 τοῦτον
1181 1493 1281 1554 τόν
1315 1492 1489 1571 ἄνδρα
1518 1491 1852 1573 ἀναγνώσας
1876 1492 1911 1553 ὅ

310 1583 511 1665 Μαγος
563 1583 900 1658 Πατιζείθης
939 1581 1011 1645 ὦς
1050 1584 1107 1641 οἶ
1151 1579 1320 1646 αὖτος
1364 1580 1550 1642 πάντα
1601 1579 1908 1658 διαπρήξει,

309 1672 428 1731 εἷσε
478 1695 627 1753 αγων
667 1674 723 1733 ἐς
766 1668 867 1729 τᾶν
911 1667 1225 1746 βασιλήῖον
1269 1668 1491 1746 θρόνον·
1557 1667 1803 1744 ποιήσας
1850 1669 1913 1728 δὲ

309 1764 493 1830 τοῦτο,
527 1782 764 1836 κηρυκας
793 1761 878 1836 τῇ,
894 1783 959 1818 τε
996 1754 1153 1836 ἄλλῃ
1190 1756 1460 1835 διέπεμπε
1500 1757 1593 1817 καὶ
1624 1756 1694 1832 δη
1731 1781 1826 1816 και
1856 1762 1914 1821 ἐς

311 1849 610 1929 Αἴγυπτον,
648 1846 984 1923 προερέοντα
1017 1848 1120 1923 τῷ
1134 1849 1376 1923 στρατῷ,
1403 1870 1476 1909 ως
1504 1844 1775 1922 Σμέρδιος
1807 1848 1913 1905 τοῦ

312 1935 504 2012 Κύρου
527 1934 806 1994 οἷκουστέα
832 1934 918 2009 εἴη
942 1935 1043 1993 τοῦ
1069 1935 1292 2002 λοιποῦ,
1312 1930 1447 1992 ἀλλ’
1466 1931 1533 1992 οὗ
1554 1932 1911 2010 Καμβύσεω.

218 2025 293 2082 62
314 2023 394 2083 Οἵ
411 2048 474 2083 τε
500 2022 569 2098 δὴ
602 2020 676 2082 ὦν
708 2020 882 2081 ἄλλοι
916 2019 1149 2097 κήρυκες
1177 2019 1562 2100 προηγόρευον
1589 2023 1784 2089 ταῦτα,
1819 2021 1915 2079 καὶ

312 2110 380 2187 δὴ
416 2110 509 2171 καὶ
540 2109 573 2171 ὁ
605 2108 690 2171 ἐπ’
715 2110 1003 2191 Αἴγυπτον
1039 2109 1284 2187 ταχθεὶς,
1313 2107 1559 2187 (εὕρισκε
1594 2107 1706 2188 γὰρ
1748 2112 1916 2185 Καμ-

312 2198 500 2276 βύσεα
526 2200 618 2259 καὶ
641 2197 743 2259 τᾶν
767 2195 1015 2275 στρατὸν
1048 2195 1213 2256 ἐόντα
1246 2198 1349 2270 τῆς
1384 2196 1588 2272 Συρίης
1613 2200 1673 2256 ἐν
1694 2194 1917 2276 Ἀγβα-

311 2287 574 2369 τάνοισι,)
600 2283 945 2368 προηγόρευε
970 2282 1115 2347 στὰς
1130 2287 1196 2347 ἐς
1224 2283 1407 2360 μέσον
1429 2282 1503 2343 w)
1540 2284 1919 2360 ἐντεταλμένα

314 2381 377 2436 ἐκ
400 2380 502 2437 τοῦ
528 2374 753 2456 Μάγου·
796 2370 1124 2449 Καμβύσης
1147 2370 1208 2431 δὲ
1233 2368 1480 2434 ἀκούσας
1511 2374 1690 2431 ταῦτα
1724 2375 1786 2430 ἐκ
1812 2375 1918 2432 τοῦ

316 2464 564 2542 κήρυκος,
613 2463 707 2522 καὶ
747 2460 986 2522 ἐλπίσας
1021 2484 1122 2536 μιν
1160 2459 1348 2539 λέγειν
1386 2456 1606 2535 ἀληθέα
1646 2456 1816 2523 αύτός
1852 2484 1919 2519 τε

312 2550 686 2628 προδεδόσθαι
713 2554 774 2610 ἐκ
800 2545 1196 2624 Πρηξάσπεος,
1223 2545 1581 2627 (πεμφθέντα
1610 2545 1722 2627 γὰρ
1748 2545 1920 2608 αύτόν

316 2639 388 2703 ὥς
412 2636 814 2698 ἀποκτενέοντα
835 2635 1076 2712 Σμέρδιν
1096 2633 1162 2694 ού
1187 2637 1427 2709 ποιῆσαι
1449 2635 1670 2715 ταῦτα,)
1688 2635 1921 2713 βλέψας

318 2732 374 2790 ἐς
409 2726 509 2787 τόν
560 2722 915 2802 Πρηξάσπεα
965 2722 1107 2782 εἷπε·
1175 2732 1213 2759 “
1228 2721 1589 2798 Πρήξασπες,
1637 2721 1780 2783 οὕτω
1818 2747 1921 2799 μοι

316 2813 617 2892 διεπρήξαο
651 2812 719 2872 τό
756 2836 848 2872 τοι
880 2811 1211 2888 προσέθηκα
1250 2813 1486 2891 πρῆγμα
1505 2808 1554 2879 ;”
1609 2810 1645 2870 ὅ
1681 2810 1745 2870 δὲ
1777 2810 1920 2871 εἶπε·

317 2902 407 2960 ’ῑῶ
444 2902 710 2970 δέσποτα,
741 2897 843 2959 ούκ
874 2900 999 2959 ἔστι
1031 2903 1209 2959 ταῦτα
1243 2896 1459 2974 οἷληθέα
1489 2896 1631 2962 ὅκως
1665 2898 1800 2959 κοτέ
1822 2923 1923 2959 σοι

321 2988 556 3063 Σμέρδις
593 2986 871 3063 ἀδελφεὸς
909 2985 942 3046 ὁ
980 2986 1089 3049 σὰς
1127 2986 1487 3061 ἐπανέστηκε,
1515 2985 1645 3046 οὐδὲ
1684 2985 1824 3050 ὅκως
1860 3011 1921 3046 τι

324 3075 387 3141 ἐξ
438 3075 643 3135 ἐκείνου
694 3078 796 3134 τοῦ
834 3072 1035 3150 α’νδρὸς
1072 3072 1253 3137 νεῖκός
1289 3098 1379 3133 τοι
1421 3074 1583 3133 ἔσται
1618 3071 1660 3150 ἦ
1697 3075 1848 3156 μέγα
1883 3072 1927 3151 ἦ

324 3161 582 3233 σμικρόν·
624 3160 732 3239 ἐγὼ
756 3160 867 3240 γοῖρ
894 3160 1060 3223 ada-6³
1083 3159 1330 3237 ποιήσας
1359 3160 1433 3221 τοὶ
1457 3161 1534 3221 σύ
1558 3186 1633 3238 με
1659 3163 1927 3232 ἐκέλευες,

326 3241 509 3316 ἔθαψά
560 3267 655 3307 μιν
706 3246 873 3321 χερσὶ
920 3245 1058 3322 τῇσι
1098 3252 1393 3323 ἐμεωυτοῦ.
1475 3252 1524 3308 εἰ
1575 3250 1682 3327 μέν
1733 3274 1834 3310 νυν
1871 3251 1933 3309 οἶ
