2184 3517
340 84 436 132 332
538 76 557 91 ⁰
912 60 1287 132 ’ἮΡοΔοΤοΤ
1819 82 1949 147 [IV.

336 187 496 238 μενοι
537 162 630 221 καὶ
669 166 727 222 ἐν
759 161 976 239 θώματι
1017 163 1185 222 ἔσκον
1221 160 1365 239 ὀρθοὶ
1399 159 1655 224 ἱστάντες
1696 160 1771 221 τοὶ
1813 162 1954 222 ὦτα·

338 248 437 309 ἅτε
465 249 591 311 οὔτε
617 249 956 314 ἀκούσαντες
994 250 1270 327 πρότερον
1312 252 1501 325 φωνῆς
1531 248 1794 326 τοιαύτης
1821 251 1956 311 οὔτε

338 338 544 402 ἰδόντες
567 338 632 399 ra
661 339 821 402 εἶδος.
888 343 1063 399 ταῦτα
1088 337 1194 415 μέν
1218 362 1316 397 νυν
1341 337 1434 396 ἐπὶ
1460 340 1704 415 σμικρόν
1729 364 1787 397 τι
1814 340 1952 417 ἐφέ-

335 452 501 501 ροντο
525 431 626 487 τοῦ
653 427 926 503 πολέμου.

244 516 358 574 130
446 518 521 575 Οἱ
546 515 605 574 δὲ
626 514 836 579 Σκύθαι
863 513 1001 576 ὅκως
1025 511 1156 575 τοῦς
1181 513 1415 589 Πέρσας
1439 512 1610 572 ἴδοιεν
1633 514 1952 592 τεθορυβη-

333 605 547 680 μένους,
578 604 668 663 ἵνα
703 602 1075 680 παραμένοιέν
1115 627 1178 662 τε
1215 601 1307 661 ἐπὶ
1343 601 1500 660 πλέω
1533 601 1743 680 χρόνον
1775 607 1833 664 ἐν
1871 609 1953 682 τῇ

337 692 582 769 Σκυθικῇ
637 691 729 753 καὶ
781 691 1192 768 παραμένοντες
1250 687 1503 767 οἷνιῷατο,
1557 694 1670 750 τῶν
1724 691 1953 754 πάντων

339 778 608 842 ἐπιδευέες
650 778 846 848 ἐόντες,
886 778 1106 837 ἐποίευν
1143 776 1352 838 τοιάδε·
1394 776 1533 841 ὅκως
1571 781 1683 838 τῶν
1722 780 1949 856 προβά-

332 891 441 927 των
484 871 594 927 τῶν
648 867 938 944 σφετέρων
992 865 1172 925 αὐτῶν
1226 865 1589 925 καταλίποιεν
1633 867 1782 942 μετσῖ
1832 872 1951 930 τῶν

334 956 562 1033 νομέων,
602 954 760 1015 αὐτοὶ
791 952 858 1015 ἂν
893 953 1279 1030 ὑπεξήλαυνον
1319 958 1375 1016 ἐς
1410 950 1594 1019 ἄλλον
1632 959 1839 1032 χῶρον·
1893 960 1951 1017 οἱ

334 1043 394 1102 δὲ
433 1043 502 1104 ἂν
542 1046 766 1121 Πέρσαι
806 1041 1136 1105 ἐπελθόντες
1184 1041 1504 1118 ἐλάβεσκον
1541 1042 1615 1101 τοὶ
1655 1044 1948 1121 πρόβατα,

241 1133 350 1190 131
374 1133 465 1190 καὶ
491 1131 772 1208 λαβόντες
804 1130 1077 1209 ἐπήροντο
1113 1127 1185 1189 ἂν
1215 1133 1293 1208 τῷ
1323 1130 1698 1209 πεποιημένῳ.
1784 1138 1950 1193 Πολ-

332 1219 495 1284 λάκις
534 1220 594 1280 δὲ
633 1220 889 1281 τοιούτου
935 1218 1247 1299 γινομένου,
1293 1217 1458 1280 τέλος
1499 1219 1740 1296 Δαρεῖός
1778 1246 1844 1280 τε
1889 1227 1950 1282 ἐν

330 1306 602 1388 ἀπορίῃσι
630 1310 826 1388 εἴχετο,
855 1308 948 1367 καὶ
974 1308 1036 1367 οῖ’
1063 1306 1320 1371 Σκυθέων
1354 1308 1639 1383 βασιλῆες
1665 1307 1949 1385 μαθόντες

330 1400 514 1467 τοῦτο,
581 1398 832 1473 ἔπεμπον
900 1395 1114 1472 κήρυκα
1180 1395 1330 1472 δῶρα
1383 1395 1602 1475 Δαρείῳ
1673 1397 1943 1472 φέροντα,

330 1482 525 1560 ὄρνιθά
563 1510 626 1545 τε
658 1485 751 1542 καὶ
784 1488 895 1560 μῦν
933 1484 1025 1542 καὶ
1060 1482 1354 1563 βάτραχον
1381 1483 1474 1542 καὶ
1499 1481 1728 1547 ὄϊστοῦς
1753 1485 1943 1546 πέντε·

330 1572 554 1648 Πέρσαι
609 1571 669 1631 δὲ
710 1571 810 1633 τὸν
858 1573 1107 1648 φέροντα
1151 1570 1223 1631 τὰ
1267 1570 1416 1648 δῶρα
1470 1570 1796 1648 ἐπειρώτεον
1841 1573 1945 1635 τὸν

330 1658 459 1720 νόον
494 1664 606 1721 τῶν
639 1659 953 1737 διδομένων·
997 1658 1031 1720 ὅ
1071 1658 1134 1720 δὲ
1171 1658 1328 1718 οὐδὲν
1356 1661 1466 1734 ἔφη
1501 1661 1557 1718 οἱ
1589 1660 1942 1720 ἐπεστάλθαι

333 1745 483 1807 ἄλλο
523 1747 562 1825 ἢ
604 1748 771 1809 δόντα
809 1746 913 1824 τήν
953 1747 1232 1827 ταχίστην
1271 1745 1782 1807 ἀπαλλάσσεσθαι·
1845 1748 1943 1809 αὖ·

328 1834 457 1899 τοῦς
484 1836 543 1895 δὲ
578 1836 710 1897 τοῦς
743 1836 975 1911 Πέρσας
1001 1835 1239 1905 ἐκέλευε,
1269 1839 1317 1894 εἰ
1352 1834 1536 1910 σοφοί
1574 1838 1706 1944 εἷσι,
1730 1839 1940 1915 γνῶναι

241 1925 350 1983 132
367 1923 433 1983 τὸ
478 1926 659 1984 ἐθέλει
696 1923 770 1984 τοὶ
812 1924 960 2001 δῶρα
998 1923 1204 2004 λέγειν.
1286 1927 1463 1984 ταῦτα
1497 1922 1842 1987 ακούσαντες
1883 1927 1941 1985 οἱ

332 2012 558 2089 Πέρσαι
607 2012 998 2088 ἐβουλεύοντο.
1083 2013 1327 2088 Δαρείου
1367 2011 1472 2087 μέν
1514 2037 1613 2072 νυν
1652 2009 1690 2087 ἦ
1740 2012 1940 2091 γνώμη

326 2099 412 2176 ἦν,
443 2101 722 2166 Σκύθαςε
697 2105 873 2180 emm-<f
912 2100 1121 2161 διδόναι
1147 2100 1332 2176 σφέας
1361 2125 1424 2160 τε
1460 2098 1661 2163 αὐτους
1696 2100 1788 2159 καὶ
1826 2106 1940 2183 γῆν

329 2215 392 2249 τε
418 2190 510 2249 καὶ
535 2188 698 2268 ὕδωρ·
742 2189 966 2260 εἰκάζων
990 2188 1142 2267 τῇδε,
1171 2186 1244 2251 ὥς
1271 2190 1380 2263 μῦς
1402 2189 1506 2264 μὲν
1533 2192 1592 2247 ἐν
1616 2192 1693 2268 γῇ
1719 2214 1939 2269 γινεται

327 2279 542 2357 καρπὸν
564 2280 666 2340 τὸν
691 2277 859 2339 αὐτόν
885 2276 1155 2356 ἀνθρώπῳ
1187 2275 1525 2352 σιτεόμενος,
1552 2275 1849 2355 βάτραχος
1873 2277 1939 2337 δὲ

326 2371 386 2426 ἐν
425 2366 601 2438 ὕδατι,
644 2366 792 2444 ὅρνις
844 2366 904 2425 δὲ
955 2365 1215 2442 μάλιστα
1269 2365 1412 2423 ἔοικε
1461 2363 1630 2443 ἵππῳ·
1697 2362 1833 2428 τοῦς
1873 2365 1938 2425 δὲ

325 2454 568 2526 ὀϊστοῦς,
598 2454 670 2519 ὦς
700 2454 804 2531 τήν
845 2455 1055 2513 ἑωυτῶν
1087 2451 1272 2526 ἀλκὴν
1311 2446 1730 2527 παραδιδοῦσι.ν
1788 2452 1937 2529 αὕτη

320 2543 427 2618 μὲν
473 2544 691 2622 Δαρείῳ
732 2541 772 2618 ἦ
817 2541 1011 2621 γνώμη
1053 2539 1403 2600 ἀπεδέδεκτο·
1473 2538 1816 2616 συνεστήκεε
1872 2541 1937 2601 δὲ

323 2630 499 2709 ταύτῃ
534 2634 607 2709 τῇ
643 2630 837 2712 γνώμῃ
871 2630 909 2706 ἦ
941 2630 1237 2708 Γωβρύεω,
1264 2632 1375 2689 τῶν
1402 2628 1616 2705 ἀνδρῶν
1646 2632 1759 2689 τῶν
1786 2629 1935 2689 ἐπι-οἱ

325 2717 443 2780 ἐνὸς
466 2721 577 2778 τῶν
601 2718 702 2779 τὸν
727 2718 933 2798 Μάγον
960 2718 1319 2787 κατελόντων,
1349 2716 1657 2788 εἰκάζοντος
1679 2715 1753 2776 τὰ
1779 2716 1937 2793 δῶρα.

328 2804 534 2885 λέγειν·
576 2805 693 2882 “ἢν
715 2805 797 2882 μὴ
830 2805 1044 2883 ὄρνιθες
1073 2806 1362 2887 γενόμενοι
1387 2805 1718 2880 ἀναπτῆσθε
1746 2809 1804 2866 ἐς
1827 2803 1937 2866 τόν

330 2890 578 2968 οὐρανὸν,
613 2892 656 2951 ὦ
693 2894 933 2971 Πέρσαι,
960 2892 998 2970 ἦ
1028 2894 1164 2971 μύες
1189 2894 1481 2976 γενόμενοι
1518 2892 1662 2953 κατιί1
1690 2896 1793 2969 τῆς
1824 2897 1939 2973 γῆς

325 2979 646 3054 καταδύητε,
698 2979 737 3057 ἢ
787 2980 1072 3060 βάτραχοι
1122 2982 1411 3063 γενόμενοι
1463 2987 1518 3046 ἐς
1569 2980 1671 3045 τὰς
1724 2983 1937 3057 λίμνας

326 3064 701 3143 ἐσπηδήσητε,
745 3067 843 3128 οὐκ
883 3067 1306 3146 απονοστήσετε
1359 3069 1545 3131 ὀπίσω
1596 3068 1708 3129 &ard
1755 3069 1937 3130 τῶνδε

324 3150 436 3207 τῶν
499 3153 847 3259 τοξευμάτων
910 3156 1321 3236 βαλλόμενοιῗ
1404 3159 1632 3235 Πέρσαι
1697 3158 1803 3234 μὲν
1860 3157 1935 3233 δὴ

329 3230 469 3289 οὕτω
492 3237 565 3294 τοὶ
589 3238 737 3314 δῶρα
763 3241 988 3313 εἴκαζον.
