2184 3517
351 136 451 187 142
964 139 1333 191 ἨΡΟΔΟΤΟΤ
1855 136 1959 203 [11-

355 214 701 294 κροκόδειλοι
739 217 895 278 υἷλλοὶ
933 220 1179 299 χάμψαι·
1249 218 1637 298 κροκοδείλους
1678 218 1740 278 δὲ
1770 217 1965 281 Ἴωνες

354 302 671 381 ὠνόμασαν,
726 306 1028 379 εἰκάζοντες
1067 307 1248 369 αὐτῶν
1289 308 1361 368 τσῖ
1410 306 1557 366 εἴδεα
1605 308 1763 367 τοῖσι
1803 306 1964 383 παρὰ

356 394 531 469 σφίσι
554 395 899 475 γινομένοισι
927 396 1335 473 κροκοδείλοισι
1366 397 1520 455 τοῖσι
1547 398 1607 454 ἐν
1629 396 1769 473 τῇσι
1795 396 1960 471 αἷμα-

260 482 540 560 7οίσιῇσι.
610 481 821 563 Ἀγραι
874 483 937 543 δέ
974 489 1169 559 σφεων
1214 483 1432 543 πολλαὶ
1485 483 1826 548 κατεστέασι
1867 483 1963 541 καὶ

353 573 629 630 παντοῖαι·
670 576 707 646 ἣ
692 569 837 629 δ”
798 597 870 631 ων
891 571 1021 648 ἐμοί
1039 597 1109 652 γε
1134 570 1311 631 δοκεει
1335 567 1672 646 σ’,ξιωτάτη’
1636 569 1964 650 απηγήσιος

355 657 510 727 εἶναι,
536 658 742 736 ταύτην
765 659 988 740 γράφω·
1032 658 1202 720 ἐπεοῖν
1232 660 1406 719 νῶτον
1435 657 1534 723 υὸς
1557 657 1801 737 δελεάσῃ
1828 659 1963 736 περὶ

355 743 674 825 ἄγκιστρον,
706 749 884 824 μετίει
924 753 979 812 ἐς
1015 749 1198 825 μέσον
1234 746 1333 808 τόν
1371 745 1646 823 ποταμόν·
1686 745 1861 809 αὗτος
1903 747 1962 806 δὲ

355 833 447 892 ἐπὶ
484 838 586 893 τοῦ
624 835 846 943 χείλεος
883 839 986 896 τοῦ
1024 838 1284 912 ποταμοῦ
1325 835 1466 941 ἔχων
1500 834 1762 910 δέλφακα
1791 833 1959 911 ζωην,

352 919 558 998 ταύτην
596 921 809 983 τύπτει·
863 923 1180 990 ἐπακούσας
1219 923 1281 983 δὲ
1317 926 1419 999 τῆς
1454 925 1648 1002 φωνῆς
1685 948 1719 981 ο
1739 922 1960 1031 ’.κροκό-

353 1008 602 1074 δειλος”’
580 1036 718 1072 ιεται
755 1011 896 1073 κατὰ
929 1012 1034 1088 τήν
1070 1010 1278 1093 φωνὴν,
1318 1010 1557 1090 ἐντυχων
1592 1009 1651 1069 δὲ
1688 1012 1770 1088 τῷ
1805 1010 1961 1090 νώτῳ

355 1099 658 1160 καταπίνει·
715 1103 770 1161 οἱ
811 1101 871 1161 δὲ
914 1101 1164 1160 ἕλκουσι·
1229 1097 1398 1159 ἐπεοῖν
1442 1099 1502 1158 δὲ
1542 1097 1861 1177 ἐξελκυσθῇ
1906 1105 1961 1164 ἐς

351 1190 476 1268 γῆν,
528 1192 748 1267 πρῶτον
794 1188 1050 1249 ἁπάντων
1104 1187 1138 1248 ὅ
1191 1185 1460 1264 θηρευτὴς
1502 1189 1667 1264 πηλῷ
1713 1185 1840 1246 κατ’
1887 1185 1962 1248 ὦν

352 1275 570 1336 ἔπλασε
611 1277 781 1338 αὐτοῦ
820 1269 949 1340 τούς
988 1274 1341 1353 ὀφθαλμούς·
1382 1277 1550 1335 τοῦτο
1589 1273 1652 1333 δὲ
1687 1273 1959 1351 ποιήσας,

353 1362 529 1441 κάρτα
560 1363 821 1428 εὐπετέως
852 1364 925 1425 τὰ
955 1363 1135 1425 λοιποὶ
1170 1365 1472 1444 χειροῦται·
1512 1360 1594 1439 μὴ
1621 1361 1874 1439 ποιήσας
1898 1363 1960 1423 δὲ

349 1454 533 1521 τοῦτο,
561 1451 669 1512 σῦν
693 1450 865 1531 πόνῳ.

257 1538 329 1598 71
434 1540 508 1597 Οἱ
540 1538 600 1598 δὲ
628 1539 788 1599 ἵπποι
815 1542 869 1599 οἳ
894 1537 1163 1618 ποτάμιοι
1180 1541 1339 1619 νομῷ
1363 1540 1468 1617 μὲν
1498 1541 1575 1618 τῷ
1599 1540 1957 1619 Παπρημίτῃ

352 1626 466 1702 ἲροί
503 1630 630 1696 εἶσι,
673 1631 828 1687 τοῖσι
873 1628 934 1688 δέ
983 1626 1222 1688 ἄλλοισι
1264 1627 1625 1702 Αἰγυπτίοισι
1670 1626 1774 1686 οὔκ
1823 1630 1954 1705 ἱροί·

350 1711 528 1789 φύσιν
553 1714 613 1774 δὲ
644 1715 982 1794 παρέχονται
1011 1715 1157 1793 ἰδέης
1189 1715 1427 1791 τοιήνδε·
1468 1712 1777 1792 τετροῖπουν
1810 1716 1955 1787 ἐστὶ,

350 1801 600 1880 δίχηλον,
642 1802 841 1885 [ὁπλαὶ
879 1802 1065 1886 βοὸς,]
1101 1803 1291 1881 σιμδν,
1333 1803 1545 1880 λοφιὴν
1585 1804 1716 1883 ἔχον
1759 1803 1954 1877 ἵππου,

347 1890 747 1968 χαυλιόδοντας
774 1896 992 1970 φαῖνον,
1021 1892 1191 1971 οὐρὴν
1220 1893 1391 1952 ἵππου
1417 1892 1510 1951 καὶ
1537 1889 1748 1968 φωνήν·
1777 1894 1956 1975 μέγα·

352 1980 465 2047 θος,
509 1977 649 2040 ὅσον
688 2006 750 2040 τε
789 1983 933 2058 βοῦς
966 1980 999 2041 ὅ
1034 1983 1324 2062 μέγιστος·
1364 1980 1431 2041 τὰ
1473 1980 1649 2058 δέρμα
1688 1979 1738 2039 δ’
1779 1979 1955 2042 aiv-017

350 2064 489 2126 οὕτω
526 2067 595 2144 δή
628 2094 684 2129 τι
717 2070 871 2149 παχύ
904 2075 1044 2141 ἐστι,
1074 2069 1221 2130 ὥστε
1255 2067 1391 2129 αὔου
1419 2068 1740 2150 γενομένου,
1770 2070 1954 2139 ξυστοῖ

220 2216 228 2222 ,
254 2156 331 2215 72
348 2155 638 2216 ποιέεσθαι
660 2155 886 2218 οἷκόντια
908 2158 968 2229 ἐξ
994 2157 1183 2218 αὐτοῦ.
1242 2161 1498 2218 Γίνονται
1518 2156 1578 2216 δὲ
1599 2156 1691 2215 καὶΙ
1713 2157 1953 2236 ἐνύδριες

350 2246 408 2303 ἐν
432 2247 510 2324 τῷ
532 2249 781 2326 ποταμῷ,
807 2246 908 2310 τοὶς
936 2246 1056 2324 ἱρὰς
1080 2244 1316 2327 ἥγηνται
1343 2245 1501 2305 εἶναι.
1569 2245 1865 2321 νομίζουσι
1891 2247 1953 2306 δὲ

348 2333 440 2392 καὶ
464 2337 575 2394 τῶν
603 2334 805 2414 ἰχθύων
830 2335 930 2394 τόν
955 2333 1292 2411 καλεύμενον
1317 2331 1625 2393 λεπιδωτὸν
1647 2333 1769 2410 ῑρόν
1790 2333 1951 2406 εἶναι,

347 2422 439 2480 καὶ
462 2422 566 2500 τήν
592 2424 845 2503 ἔγχελυν.
908 2421 1058 2499 ῖρούς
1084 2422 1144 2482 δέ
1169 2422 1398 2486 τούτους
1422 2424 1524 2482 τοῦ
1550 2421 1769 2481 Νείλου
1796 2424 1949 2499 φασὶ

347 2509 505 2569 εἶναι·
547 2511 640 2570 καὶ
664 2516 773 2571 τῶν
800 2510 1030 2587 ὀρνίθων
1053 2510 1184 2575 τούς
1209 2508 1629 2590 χηναλώπεκας.

252 2596 329 2655 73
417 2596 589 2657 ’Ἐστι
621 2597 681 2657 δὲ
713 2599 805 2657 καὶ
836 2597 1013 2662 ἄλλος
1046 2598 1195 2677 ὅρνις
1227 2596 1359 2675 ἱρὰς,
1386 2601 1466 2676 τῷ
1491 2596 1704 2675 οὕνομα
1736 2600 1948 2674 φοῖνιξ·

335 2683 454 2764 ’ἐγώ
479 2685 583 2761 μέν
607 2710 704 2762 μιν
731 2684 830 2745 οὐκ
859 2686 1004 2746 εἶδον
1031 2690 1079 2747 εἰ
1103 2685 1184 2764 μή
1215 2685 1355 2747 ὅσον
1378 2689 1597 2768 γραφῇ·
1631 2687 1725 2745 καὶ
1747 2686 1859 2767 γὰρ
1877 2687 1949 2763 δὴ

348 2772 440 2830 καὶ
472 2772 706 2837 σπάνιος
740 2778 1006 2855 ἐπιφοιτᾷ
1039 2781 1168 2852 σφι,
1198 2774 1289 2835 διοὶ
1323 2776 1486 2835 ἐτέων
1510 2773 1607 2854 (ὦς
1636 2773 1948 2834 Ἡλιουπο-

345 2862 500 2919 λῖται
538 2860 796 2942 λέγουσι)
824 2863 1222 2924 πεντακοσίων·
1265 2867 1471 2939 φοιτᾶν
1512 2862 1571 2921 δὲ
1609 2861 1741 2922 τότε
1775 2864 1971 2939 φασὶ,-

347 2947 513 3006 ἐπεάν
553 2952 607 3007 οἱ
645 2948 900 3028 οἷποθάνῃ
931 2948 963 3010 ὅ
995 2950 1201 3027 πατήρ.
1272 2952 1394 3011 ἔστι
1434 2950 1511 3020 δὲ,
1546 2954 1594 3009 εἰ
1631 2954 1705 3029 τῇ
1743 2954 1947 3031 γραφῇ

344 3034 666 3110 παρόμοιος,
692 3037 939 3098 τοσόσδε
973 3039 1067 3097 καὶ
1097 3038 1340 3099 τοιόσδε·
1380 3038 1454 3099 τὰ
1484 3040 1588 3116 μὲν
1615 3038 1785 3099 αὐτοῦ
1808 3064 1945 3118 χρυ-

346 3119 569 3195 σόκομα
600 3126 709 3182 τῶν
740 3129 970 3201 πτερῶν,
1002 3125 1075 3185 τοὶ
1116 3125 1176 3185 δὲ
1217 3126 1438 3204 ἐρυθρά
1481 3132 1536 3190 ἐς
1573 3125 1646 3186 τοὶ
1684 3126 1947 3204 μάλιστα

346 3206 505 3281 αἰετῷ
530 3209 862 3288 περιήγησιν
896 3211 1240 3287 ὁμοιότατος,
1270 3215 1362 3273 καὶ
1392 3213 1461 3274 τὸ
1487 3214 1756 3295 μέγαθος.
1816 3217 1947 3273 τοῦ·

342 3310 440 3345 τον
466 3262 525 3346 δὲ
553 3293 789 3380 λέγουσι
812 3300 1179 3376 μηχανᾶσθαι
1202 3300 1406 3372 τάδε,’
1380 3302 1506 3378 εμοὶ
1537 3305 1641 3380 μὲν
1666 3300 1735 3363 οὗ
1760 3326 1947 3362 πιστα
