2184 3517
272 111 556 177 176-181]
910 117 1234 166 ΕΤΤΕΡΠΗ.
1782 116 1873 168 197

264 192 465 255 ’Ἱώνων
500 197 606 272 μὲν
635 196 775 261 Χίος
810 195 902 256 καὶ
933 199 1081 261 Τέως
1124 198 1216 257 καὶ
1258 194 1483 257 Φώκαια
1526 196 1619 256 καὶ
1651 196 1874 267 Κλαζο-

266 283 445 357 μεναί·
503 284 759 360 Δωριέων
794 284 855 344 δὲ
895 285 1087 349 Ῥόδος
1124 287 1215 344 καὶ
1252 284 1456 347 Κνίδος
1490 284 1582 343 καὶ
1613 283 1873 360 Ἀλικαρ·

266 370 483 446 νησσός
525 372 620 430 καὶ
666 370 940 449 Φάσηλις·
1008 375 1258 434 Αἰολέων
1301 372 1361 432 δὲ
1400 371 1438 448 ἦ
1481 371 1875 447 Μυτιληναίων

265 458 465 536 μούνη.
545 459 757 521 τούτων
806 461 913 538 μέν
967 467 1090 523 ἐστι
1141 465 1309 522 τοῦτο
1360 460 1427 521 τὸ
1481 461 1724 537 τέμενος,
1779 461 1874 519 καὶ

264 546 593 624 προστάτας
644 551 746 609 τοῦ
799 550 1068 627 ἐμπορίου
1114 547 1279 610 αὗται
1331 550 1391 608 αῖ
1434 547 1604 611 πόλις
1650 547 1762 608 εἶσὶ
1814 549 1874 607 αἶ

264 636 637 714 παρέχουσαι·
706 634 842 698 ὅσαι
882 638 944 697 δὲ
988 637 1165 697 ἄλλαι
1215 637 1383 701 πόλις
1432 639 1873 715 μεταποιεῦνται,

267 721 427 784 οὐδέν
452 731 569 801 σφι
592 724 792 802 μετεὸν
827 729 1271 802 μεταποιεῦνται.
1351 725 1520 805 χωρὶς
1545 725 1621 797 δὲ,
1649 728 1874 806 Αἰγινῆ-

264 817 361 870 ται
396 812 481 872 ἐπ’
524 816 739 874 ἑωυτῶν
781 814 1079 892 ἱδρύσαντο
1118 814 1347 892 τέμενος
1390 814 1544 884 Διὸς,
1583 813 1675 873 καὶ
1716 812 1868 873 ἄλλο

268 898 490 976 Σάμιοι,
508 900 710 979 Ἥρης,
739 903 832 962 καὶ
858 902 1156 979 Μιλήσιοι,
1185 901 1566 966 Ἀπόλλωνος.
1624 900 1747 961 Ἠν
1774 900 1833 959 δὲ
1851 903 1964 962 179

265 985 334 1046 τὸ
358 988 608 1049 παλαιὸν
642 989 822 1067 μούνη
861 989 902 1066 ἦ
933 989 1255 1068 Ναύκρατις
1292 988 1574 1066 ἐμπόριον,
1604 990 1695 1049 καὶ
1721 987 1871 1048 ἄλλο

268 1072 428 1134 οὐδὲν
453 1076 762 1158 Αἰγύπτου·
806 1081 854 1137 εἰ
879 1078 943 1137 δέ
963 1104 1048 1142 τις
1075 1084 1131 1141 ἐς
1163 1080 1275 1138 τῶν
1299 1103 1356 1137 τι
1392 1075 1543 1136 ἄλλο
1575 1074 1872 1153 στομάτων

265 1166 369 1221 τοῦ
403 1165 618 1224 Νείλου
655 1164 927 1237 α’πίκοιτο,
955 1170 1103 1245 χρῆν
1138 1164 1350 1244 ὀμόσαι
1381 1163 1503 1242 ’(μῆ
1539 1166 1644 1241 μὲν
1677 1163 1874 1224 ἑκόντα

269 1251 507 1311 ἐλθεῖν·”
555 1252 926 1330 ἀπομόσαντα
962 1255 1038 1324 δὲ,
1072 1257 1147 1333 τῇ
1181 1279 1273 1329 νηι
1312 1252 1455 1331 αὐτῇ
1489 1252 1739 1311 πλέειν’
1713 1278 1769 1314 ες
1802 1277 1870 1311 το

268 1340 624 1416 Κανωβικόν·
685 1339 722 1418 ἢ
764 1346 814 1402 εἰ
854 1342 937 1419 μή
977 1368 1048 1424 γε
1090 1341 1184 1401 οἶά
1224 1368 1288 1402 τε
1329 1343 1414 1417 εἴη
1453 1366 1594 1418 προς
1636 1339 1872 1417 οἷνέμους

267 1423 488 1492 ἀντίους
520 1429 729 1500 πλέειν,
756 1428 828 1490 τοὶ
869 1431 1078 1507 φορτία
1111 1430 1226 1489 ἔδεε
1256 1428 1538 1510 περιάγειν
1570 1433 1628 1488 ἐν
1665 1426 1872 1505 βάρισι

270 1515 397 1590 περὶ
435 1515 505 1576 vd
549 1518 760 1587 Δέλτα,
796 1518 966 1597 μέχρι
1010 1514 1076 1578 οὗ
1126 1517 1382 1578 ἀπίκοιτο
1430 1522 1488 1580 ἐς
1530 1514 1869 1594 Ναύκρατιν.

251 1600 411 1661 -οὕτω
447 1606 553 1681 μὲν
589 1604 657 1681 δὴ
690 1605 1023 1684 Ναύκρατις·
1035 1607 1339 1684 ἐτετίμητο.
1410 1604 1831 1683 Ἀμφικτυόνων
1849 1605 1965 1663 180

264 1686 329 1747 δὲ
367 1691 777 1767 μισθωσάντων
811 1693 917 1762 ,τᾶν
960 1699 1019 1754 ἐν
1062 1697 1354 1767 Δελφοῖσι
1395 1697 1492 1754 νῦν
1535 1692 1697 1754 ἐόντα
1735 1691 1869 1768 νηὸν

262 1779 599 1854 τριηκοσίων
623 1780 913 1842 ταλάντων
940 1781 1376 1863 ἐξεργάσασθαι·
1419 1782 1450 1843 ὁ
1470 1782 1578 1864 γοὶρ
1599 1779 1871 1858 πρότερον

263 1864 372 1926 ἐῶν
414 1866 610 1929 αὐτόθι
651 1868 974 1947 αύτομάτως
1017 1870 1276 1946 κατεκάη·
1330 1868 1461 1934 τοῦς
1503 1867 1768 1945 Δελφούς
1808 1867 1869 1928 δὲ

262 1954 559 2031 ἐπέβαλλε
575 1957 1012 2036 τεταρτημόριον
1028 1963 1131 2018 τοῦ
1149 1956 1515 2037 μισθώματος
1533 1959 1868 2036 παρασχεῖν·

257 2043 619 2121 πλανώμενοι
643 2046 705 2105 δὲ
731 2049 785 2105 οἷ
805 2047 1032 2124 Δελφοὶ
1056 2048 1187 2124 περὶ
1210 2046 1312 2110 τοὶς
1335 2044 1504 2108 πόλις
1531 2046 1868 2116 ἐδωτίναζον,

256 2135 543 2196 ποιεῦντες
568 2132 629 2192 δὲ
653 2137 822 2194 τοῦτο
858 2157 958 2194 ουκ
992 2133 1300 2214 ἐλάχιστον
1339 2133 1403 2203 ἐξ
1423 2133 1764 2215 Αἷγύπτου’
1738 2132 1869 2204 ενεί-

256 2244 451 2280 καντο·
484 2219 734 2298 Αμασις
756 2247 861 2299 μεν
885 2221 995 2303 γάρ
1017 2228 1130 2298 σφι
1159 2222 1321 2282 ἔδωκε
1345 2222 1509 2299 χίλια
1528 2220 1869 2296 στυπτηρίης

252 2305 527 2379 τάλαντα,
557 2334 610 2370 οι
638 2309 751 2368 δὲ’
725 2335 783 2370 εν
809 2309 1073 2391 Αἷγύπτω
1101 2308 1370 2371 οἰκέοντες
1385 2306 1665 2383 ’Έλληνες
1691 2308 1871 2367 εἴκοσι

253 2394 446 2467 μνέας.

340 2488 434 2541 Κυ
584 2484 604 2507 '
758 2485 818 2545 δὲ
849 2484 921 2545 ”A
971 2511 1072 2545 ασι
1143 2482 1284 2560 φιλό
1388 2481 1424 2544 ά
1463 2509 1527 2543 τε
1568 2482 1661 2541 καὶ
1687 2508 1762 2542 συ
1804 2484 1959 2542 -181

431 2509 715 2561 ρηναιοισι
926 2512 970 2563 μ
1074 2511 1101 2548 ς
1283 2509 1387 2558 rm·
1761 2508 1806 2560 μ

249 2570 472 2648 μαχίην
496 2571 864 2649 συνεθήκατο·
894 2573 1184 2632 ἐδικαίωσε
1209 2572 1270 2631 δὲ
1297 2572 1389 2631 καὶ
1412 2574 1596 2653 γῆμαι
1621 2568 1869 2640 αὐτόθεν,

251 2656 356 2717 εἴτ’
384 2659 737 2737 ἐπιθυμήσας
761 2660 1097 2738 Ἑλληνίδος
1126 2659 1390 2742 γυναικὸς
1428 2660 1537 2719 εἴτε
1565 2659 1657 2718 καὶ
1683 2656 1871 2723 ἄλλως

251 2745 570 2823 φιλότητος
605 2749 934 2827 Κυρηναίων
970 2749 1171 2809 εἵνεκα·
1210 2748 1411 2829 γαμέει
1446 2747 1493 2807 δ’
1536 2747 1627 2818 ὧν,
1673 2750 1728 2807 οἱ
1766 2749 1871 2825 μὲν

246 2833 498 2915 λέγουσι
528 2834 771 2907 Βάττεω,
800 2839 854 2895 οἶ
895 2834 941 2895 δ’
983 2835 1328 2913 Ἀρκεσίλεω
1373 2836 1667 2917 θυγατέρα,
1713 2839 1767 2893 οἱ
1809 2836 1870 2894 δὲ

247 2922 678 2998 Κριτοβούλου,
706 2922 904 3000 οἷνδρός
930 2928 1041 2984 τῶν
1066 2923 1260 2983 (ἱστῶν
1285 2923 1532 2999 δοκίμου,
1559 2927 1631 3002 τῇ
1659 2920 1869 2999 οὕνομα

243 3008 325 3086 ἦν
379 3010 618 3089 Λαδίκῃ·
692 3015 765 3091 τῇ
819 3011 944 3070 ἐπεί
991 3036 1056 3070 τε
1109 3009 1472 3090 συγκλίνοιτο
1525 3008 1557 3069 ὁ
1600 3008 1865 3085 Ἄμασις,

242 3098 578 3179 μίσγεσθαι
625 3098 725 3159 οὔκ
775 3097 890 3161 οἷός
930 3122 993 3156 τε
1042 3097 1281 3176 ἐγένετο·
1348 3099 1486 3173 τῇσι
1538 3095 1599 3154 δὲ
1650 3095 1867 3175 ἄλλῃσι

241 3185 480 3267 γυναιξὶ
513 3190 738 3264 ἐχρᾶτο·
796 3184 922 3243 ἐπεί
941 3186 1019 3242 ’τε
1062 3182 1124 3241 δὲ
1163 3181 1388 3242 πολλόν
1428 3186 1597 3242 τοῦτο
1640 3183 1866 3265 ἐγίνετο,

245 3272 385 3331 εἶπε
403 3272 436 3332 ὅ
450 3271 704 3349 Ἀμασις
722 3270 865 3348 πρός
881 3269 984 3345 τήν
1001 3269 1251 3345 Λαδίκην
1274 3269 1482 3354 ταύτην
1503 3270 1865 3348 καλεομένην·
