2184 3517
300 100 396 148 ³50
936 91 1302 142 ἯΡοΔοτοΥ
1781 93 1916 158 [IV.

298 203 390 241 τες
416 176 596 240 ἐόντες
623 175 996 254 καρποφόροι·
1026 172 1158 236 τούς
1183 172 1243 232 δὲ
1262 171 1606 249 ἀττελέβους
1625 173 1797 233 ἐπεὰν
1820 175 1921 250 θη-

298 265 562 342 ρεύσωσι,
600 264 897 342 αύῄναντες
933 263 1073 340 πρός
1108 261 1210 321 τόν
1236 260 1401 337 ἥλιον
1429 261 1789 332 καταλέουσι,
1823 263 1924 327 καὶ

300 353 490 412 ἔπειτα
518 352 609 412 ἐπὶ
635 352 790 433 γάλα
827 351 1241 414 ἐπιπάσσοντες
1271 349 1519 410 πίνουσι·
1559 354 1831 429 γυναῖκας
1859 352 1923 410 δὲ

299 441 613 517 νομίζοντες
652 439 876 502 πολλὰς
916 441 1060 518 ἔχειν
1101 440 1353 507 ἕκαστος,
1391 439 1668 497 ἐπίκοινον
1704 437 1929 504 αύτέωις

299 528 404 603 τήν
456 529 609 603 μίξιν
667 531 951 587 ποιεῦνται
1007 526 1197 605 τρόπῳ
1250 526 1634 605 παραπλησίῳ
1684 529 1767 604 τῷ
1821 527 1921 593 καὶ

300 615 703 695 Μασσαγέται·
733 614 900 674 ἐπεὰν
920 615 1174 673 σκίπωνα
1193 613 1647 691 προστήσωνται,
1673 615 1917 695 μίσγον-ι

300 727 411 762 ται·
452 706 675 777 πρῶτον
702 702 770 777 δή
798 703 1105 782 γαμέοντος
1124 706 1483 777 Νασαμῶνος
1502 700 1720 777 ἀνδρὸς,
1741 700 1919 778 νόμος

301 789 424 849 ἐστὶ
448 789 553 864 τὴν
582 789 809 866 νύμφην
834 789 990 849 νυκτὶ
1014 793 1086 868 τῇ
1113 789 1306 868 πρώτῃ
1327 789 1418 847 διαὶ
1443 789 1666 849 πάντων
1702 789 1915 859 διεξελ-

301 877 417 936 θεῖν
443 880 554 936 τῶν
581 876 922 953 δαιτυμόνων
946 878 1317 958 μισγομένην·
1348 880 1459 938 τῶν
1485 877 1544 936 δὲ
1572 876 1644 940 ὥς
1671 877 1916 943 ἔκαστός

302 967 356 1023 οἱ
381 965 583 1044 μιχθῇ,
608 965 751 1024 διδοῖ
775 964 952 1041 δῶρον
975 964 1040 1024 τὸ
1070 963 1140 1024 ἂν
1168 965 1270 1044 ᾂῃ
1306 964 1614 1042 φερόμενος
1641 966 1706 1034 ἐξ
1733 967 1913 1026 οἴκου·

300 1051 543 1128 ὁρκίοισι
580 1052 640 1111 δὲ
676 1052 768 1110 καὶ
803 1056 1040 1129 μαντικῇ
1075 1052 1348 1131 χρέωνται
1382 1051 1589 1130 τοιῇδε·
1633 1051 1913 1129 ὀμνύουσι

296 1142 401 1215 μὲν
430 1140 560 1203 τούς
594 1140 749 1217 παρὰ
779 1139 957 1216 σφίσι
993 1139 1196 1217 ἄνδρας
1220 1139 1597 1203 δικαιοτάτους
1623 1141 1719 1199 καὶ
1744 1140 1910 1217 οἶρίσ-

296 1252 427 1291 τους
453 1229 790 1309 λεγομένους
812 1228 1094 1308 γενέσθαι,
1121 1227 1366 1296 τούτους,
1392 1231 1503 1288 τῶν
1538 1226 1775 1305 τύμβων
1800 1229 1908 1288 αἶπ-

294 1314 540 1392 τόμενοι·
581 1315 947 1393 μαντεύονται
971 1315 1031 1374 δὲ
1059 1315 1151 1375 ἐπὶ
1181 1319 1294 1376 τῶν
1325 1315 1615 1395 προγόνων
1650 1317 1910 1391 φοιτέον-

299 1427 391 1466 τες
412 1403 486 1462 τοὶ
510 1404 760 1480 σήματα,
783 1402 876 1462 καὶ
902 1403 1297 1480 κατευξάμενοι
1321 1405 1907 1480 ἐπικατακοιμέωνται·

297 1490 363 1550 τὸ
391 1491 438 1550 δ’
464 1490 532 1551 ἂν
559 1492 648 1570 ἴδῃ
675 1497 733 1552 ἐν
757 1496 829 1571 τῇ
855 1491 984 1570 ὄψει
1005 1491 1274 1563 ἐνύπνιον,
1301 1492 1477 1571 τούτῳ
1502 1496 1729 1571 χρᾶται·
1769 1495 1906 1553 πίσ-

292 1604 415 1638 τισι
441 1580 500 1638 δὲ
523 1580 775 1658 τοιῃσίδε
810 1582 1100 1658 χρέωνται·
1142 1584 1204 1639 ἐκ
1228 1584 1330 1656 τῆς
1353 1581 1540 1659 χειρός
1566 1580 1712 1639 διδοῖ
1734 1586 1903 1654 πιεῖν,

296 1667 390 1725 καὶ
421 1667 589 1731 αὐτὸς
619 1672 680 1727 ἐκ
711 1671 814 1743 τῆς
846 1672 948 1728 τοῦ
984 1668 1171 1744 ἑτέρου
1206 1669 1372 1727 πίνει·
1419 1666 1488 1743 ἢν
1518 1668 1578 1725 δὲ
1609 1668 1690 1743 μή
1725 1670 1905 1748 ἔχωσι

293 1754 467 1835 ὖγρόν
504 1756 696 1832 μηδὲν,
736 1759 791 1816 οἱ
830 1755 890 1814 δὲ
928 1760 1030 1831 τῆς
1066 1755 1322 1835 χαμάθεν
1363 1756 1583 1816 σποδοῦ
1618 1757 1904 1833 λαβόντες

295 1845 576 1923 λείχουσι.

202 1929 315 1990 173
402 1934 729 2008 Νασαμῶσι
765 1931 825 1991 δὲ
859 1931 1253 2010 προσόμουροί
1280 1935 1391 1992 εἰσι
1417 1931 1658 1992 Ψύλλοι.
1742 1931 1899 1995 οὗτοι

292 2016 695 2087 ἐξαπολώλασι
745 2019 935 2099 τρόπῳ
980 2021 1191 2097 τοιῷδε·
1254 2020 1288 2081 ὁ
1340 2020 1500 2083 νότος
1552 2027 1665 2097 σφι
1717 2022 1899 2083 πνέων

291 2104 493 2184 ἄνεμος
530 2105 602 2168 ταῖ
643 2107 849 2185 ἔλυτρα
887 2111 998 2169 τῶν
1032 2107 1244 2168 ὖδοίτων
1282 2108 1525 2186 ἐξηύῃνε·
1571 2108 1625 2189 ἦ
1647 2108 1708 2168 δὲ
1738 2109 1897 2188 χώρη

292 2202 408 2272 σφι
443 2199 606 2255 πᾶσα
641 2194 796 2259 ἐντός
830 2200 1006 2255 ἐοῦσα
1039 2199 1144 2270 τῆς
1179 2195 1427 2273 Σύρτιος,
1454 2195 1525 2271 ἦν
1549 2196 1800 2273 ἄνυδρος·
1841 2201 1897 2257 οἱ

248 2294 263 2302 ”
291 2282 367 2353 δὲ,
393 2282 863 2361 βουλευσάμενοι,
891 2287 1052 2362 κοινῷ
1076 2282 1229 2364 λόγῳ
1255 2283 1652 2361 ἐστρατεύοντο
1678 2284 1772 2343 ἐπὶ
1793 2285 1900 2346 τᾶν

291 2370 478 2431 νότον·
521 2371 693 2453 (λέγω
719 2371 779 2431 δὲ
805 2375 982 2431 ταῦτα
1005 2370 1078 2432 τοὶ
1105 2373 1343 2452 λέγουσι
1368 2373 1622 2452 Λίβυες·)
1658 2372 1754 2431 καὶ
1773 2376 1900 2434 ἐπεί

291 2484 353 2518 τε
381 2460 626 2539 ἐγίνοντο
654 2464 713 2519 ἐν
737 2463 809 2538 τῇ
837 2458 1065 2538 ψάμμῳ,
1084 2459 1332 2523 πνεύσας
1356 2458 1391 2518 ὁ
1417 2459 1579 2522 νότος
1604 2461 1897 2539 κατέχωσέ

290 2550 492 2621 σφεας·
535 2546 959 2625 ἐξαπολομένων
995 2547 1055 2606 δὲ
1089 2545 1312 2617 τούτων,
1340 2547 1535 2625 ἔχουσι
1566 2547 1673 2621 τήν
1703 2548 1892 2626 χώρην

199 2634 311 2692 174
331 2636 385 2691 οἳ
420 2638 788 2708 Νασαμῶνες.
870 2633 1091 2694 Τούτων
1126 2634 1187 2693 δὲ
1223 2633 1531 2712 κατύπερθε
1560 2634 1703 2711 πρός
1727 2634 1892 2696 νότον

287 2717 506 2795 ἄνεμον,
561 2724 620 2779 ἐν
668 2724 742 2798 τῇ
762 2796 773 2803 „
797 2721 1050 2798 θηριώδεϊ
1101 2722 1346 2783 οἰκέουσι
1392 2721 1768 2799 Γαράμαντες·
1834 2723 1889 2782 οἳ

288 2804 474 2866 πάντα
507 2804 800 2883 ἅνθριιητον
836 2808 1117 2890 φεύγουσι
1143 2810 1235 2869 καὶ
1268 2809 1477 2872 παντὸς
1503 2809 1752 2886 ὁμιλίην·
1794 2811 1889 2869 καὶ

291 2892 417 2951 οὔτε
463 2891 646 2952 ὅπλον
688 2896 941 2953 ἐκτέαται
976 2895 1175 2972 αρηῖον
1210 2896 1366 2957 οὐδὲν
1408 2895 1535 2957 οὔτε
1576 2896 1888 2973 ἀμύνεσθαι

191 2980 221 3033 1
234 2979 306 3036 ’75
327 2976 670 3036 ἐπιστέαται.
774 2977 950 3039 Οὗτοι
1000 2985 1106 3058 μὲν
1135 2983 1225 3059 δὴ
1281 2982 1592 3062 κατύπερθε
1643 2985 1887 3045 οἰκέουσι

289 3060 676 3135 Νασαμώνων·
715 3064 783 3123 τό
821 3065 881 3122 δὲ
914 3092 1069 3144 παρα
1102 3068 1207 3143 τήν
1243 3069 1547 3131 θάλασσαν
1573 3071 1797 3149 ἔχονται
1818 3098 1887 3132 το

283 3144 425 3219 πρὸς
477 3148 716 3223 ἑσπέρης
755 3148 969 3209 Μάκαι·
1011 3179 1067 3212 οι
1103 3154 1323 3230 λόφους
1363 3159 1653 3235 κείρονται,
1687 3185 1755 3219 το
1784 3160 1889 3237 μὲν

285 3230 465 3288 μέσον
489 3233 599 3290 τῶν
622 3237 837 3295 τοιγῶν
868 3234 1108 3299 ἀνιέντες
1133 3240 1406 3305 αὔξεσθαι
1428 3269 1501 3301 τα
1527 3245 1644 3301 δὲ’
1615 3272 1672 3306 ει
1661 3247 1770 3303 θεν
1795 3246 1888 3302 καὶ
