2184 3517
271 111 561 177 101-106]
971 111 1200 164 KAEm.
1818 114 1883 163 53

270 194 491 270 ἐπῆλθε
511 192 767 258 Σκυθέων
791 191 1034 270 στρατὸς
1057 192 1253 273 μέγας·
1282 190 1385 273 ἄγε
1411 193 1471 252 δὲ
1490 191 1689 257 αύτοῧς
1707 194 1880 268 βασι·

268 282 407 345 λεῦς
444 281 478 341 ὁ
520 281 774 346 Σκυθέων
813 280 1066 357 Μαδύης,
1097 280 1444 358 Πρωτοθύεω
1483 282 1635 344 παῖς·
1677 280 1731 340 οἳ
1758 283 1879 341 ε’σέ-

267 371 465 446 βαλον
495 371 600 447 μὲν
635 374 691 432 ἐς
719 368 825 445 τήν
853 368 1056 444 Ἀσίην
1081 369 1426 446 Κιμμερίους
1453 367 1790 444 ἐκβαλόντες
1825 373 1885 428 ἐκ

267 461 378 534 τῆς
399 455 687 535 Εύρῶπης,
715 455 969 518 τούτοισι
994 456 1115 516 δὲ’
1088 454 1460 534 επισπόμενοι
1493 455 1771 537 φεύγουσι
1798 455 1886 516 οὗ·

267 571 354 605 τω
379 549 435 608 ἐς
457 544 565 621 τὴν
592 543 853 622 Μηδικήν
877 544 1066 624 χώρην
1091 544 1378 606 οἷπίκοντο.
1419 543 1468 626 (”
1469 551 1616 605 Εστι
1642 543 1764 604 δὲ’
1728 571 1841 605 απο
1825 543 1980 606 104

267 636 378 708 τῆς
402 633 607 711 λίμνης
629 637 731 710 τῆς
756 632 1065 710 Μαιήτιδος
1091 634 1184 692 ἐπὶ
1215 637 1400 694 Φᾶσιν
1423 632 1681 711 ποταμὸν
1714 633 1805 692 καὶ
1832 638 1887 697 ἐς

269 719 545 799 Κόλχους
566 721 868 799 τριήκοντα
897 720 1149 798 ἡμερέων
1176 719 1386 801 εὐζώνῳ
1422 719 1567 785 ὁδός·
1609 724 1671 780 ἐκ
1698 720 1759 780 δὲ
1781 724 1884 796 τῆς

270 809 562 887 Κολχιδος
605 809 670 868 οὗ
715 808 943 869 πολλὰν
986 807 1304 887 ’ὑπερβῆναι
1352 814 1409 872 ἐς
1451 806 1558 885 τήν
1605 808 1884 885 Μηδικήν,

269 893 431 956 ἄλλα
463 897 522 957 ἓν
550 895 619 958 τὸ
654 896 747 957 διὰ
779 898 962 974 μέσου
994 897 1152 961 ἔθνος
1177 895 1358 956 αὐτῶν
1384 897 1524 966 ἐστὶ,
1553 896 1883 975 Σάσπειρες·

266 987 443 1044 τοῦτο
472 984 532 1044 δὲ
562 984 1111 1062 παραμειβομένοισι
1144 984 1281 1044 εἶναι
1313 988 1374 1044 ἐν
1402 987 1476 1062 τῇ
1501 985 1748 1063 Μηδικῇ.
1818 982 1884 1044 οὗ

267 1071 466 1148 μέντοι
489 1072 551 1132 οἵ
562 1099 631 1154 γε
656 1072 869 1138 Σκύθαι
893 1071 1069 1151 ταύτῃ
1095 1071 1399 1148 ἐσέβαλον,
1417 1070 1573 1130 ἀλλὰ
1593 1072 1699 1148 τὴν
1723 1068 1900 1131 κατύ-’

266 1161 446 1237 περθε
468 1159 601 1222 ὅδόν
622 1164 825 1241 πολλῷ
841 1161 1192 1239 μακροτέρην
1211 1156 1629 1237 ἐκτραπόμενοι,
1650 1164 1709 1219 ἐν
1728 1159 1883 1239 δεξιῇ

269 1249 494 1327 ἔχοντες
514 1247 582 1310 τὰ
608 1248 940 1309 Καυκάσιον
965 1247 1140 1328 ὅρος.)
1222 1247 1460 1308 ἐνθαῦτα
1485 1250 1539 1307 οἲ
1563 1249 1670 1325 μὲν
1693 1248 1885 1323 Μῆδοι

267 1335 672 1414 συμβαλόντες
692 1339 848 1398 τοῖσι
873 1334 1130 1414 Σκύθῃσι
1156 1335 1250 1395 καὶ
1269 1335 1608 1398 ἑσσωθέντες
1624 1339 1699 1415 τῇ
1721 1334 1881 1413 μάχῃ

264 1428 374 1500 τῆς
419 1424 599 1503 ἀρχῆς
639 1423 1047 1500 κατελύθησαν,
1089 1426 1145 1484 οἱ
1184 1423 1245 1482 δὲ
1284 1421 1499 1488 Σκύθαι
1542 1421 1648 1499 τὴν
1684 1421 1887 1499 Ἀσίην

266 1515 467 1573 πᾶσαν
493 1512 758 1591 ἐπέσχον.
824 1510 1118 1573 Ἐνθεΰτεν
1145 1510 1205 1570 δὲ
1229 1508 1403 1586 ἤϊσαν
1430 1508 1514 1570 ἐπ’
1534 1511 1839 1592 Αἴγυπτον·
1863 1513 1979 1572 105

269 1599 369 1659 καὶ
402 1600 529 1661 ἐπεί
552 1625 618 1660 τε
649 1599 906 1682 ἐγένοντο
941 1604 1002 1660 ἐν
1025 1604 1101 1678 τῇ
1137 1598 1502 1679 Παλαιστίνῃ
1528 1599 1701 1678 Συρίῃ
1726 1605 1884 1677 Ψαμ-

265 1687 494 1767 μίτιχός
518 1694 702 1764 σφεας
727 1685 1017 1771 Αἰγύπτου
1041 1685 1325 1764 βασιλεῦς
1357 1684 1627 1749 ἀντιάσας
1659 1685 1893 1765 δώροισί

265 1800 335 1835 τε
350 1777 445 1835 καὶ
459 1780 658 1855 λιτῇσι
672 1775 976 1853 ἆποτρέπει
988 1774 1056 1836 τό
1072 1775 1410 1853 προσωτέρω
1427 1774 1508 1851 μὴ
1524 1773 1884 1853 πορεύεσθαι·

267 1864 329 1923 οἱ
359 1864 425 1924 δὲ
454 1864 580 1923 ἐπεί
604 1889 668 1924 τε
699 1862 1108 1942 ἀναχωρέοντες
1140 1862 1323 1922 ὀπίσω
1358 1862 1613 1944 ἐγένοντο
1643 1866 1744 1937 τῆς
1779 1863 1885 1927 Συ-

264 1951 397 2028 ρίης
453 1956 513 2011 ἐν
564 1949 889 2011 Ἀσκάλωνι
936 1948 1095 2021 πόλι,
1149 1954 1261 2011 τῶν
1316 1949 1571 2010 πλεόνων
1629 1950 1888 2014 Σκυθέων

265 2036 728 2115 παρεξελθόντων
763 2037 1013 2109 ἀσινέων,
1039 2037 1230 2120 ὀλίγοι
1262 2039 1407 2100 τινὲς
1442 2036 1627 2098 αὐτῶν
1660 2036 1886 2096 ύπολει-

269 2126 510 2200 φθέντες
534 2124 827 2202 ἐσύλησαν
848 2129 951 2200 τῆς
977 2123 1258 2238 Οὐρανίης
1287 2124 1626 2203 Ἀφροδίτης
1649 2123 1716 2185 τὰ
1746 2123 1884 2203 ιρόν.

268 2214 399 2274 ἔστι
424 2213 485 2273 δὲ
506 2216 676 2274 τοῦτο
697 2238 766 2273 το
787 2211 923 2301 ιρδν,
952 2212 1024 2275 ὦς
1051 2211 1162 2294 ἐγω
1186 2211 1600 2289 πυνθανόμενος
1627 2211 1880 2288 εύρίσκω,

267 2299 497 2361 πάντων
519 2299 893 2380 ἀρχαιότατον
918 2303 1049 2378 ἱρῶν
1082 2299 1198 2360 ὅσα
1227 2298 1435 2374 ταύτης
1464 2303 1567 2373 τῆς
1601 2299 1751 2359 θεοῦ·
1792 2301 1885 2360 καὶ

264 2415 386 2469 γαρ
424 2388 493 2450 τὸ
534 2394 593 2448 ἔν
633 2387 845 2468 Κύπρω
885 2387 1004 2466 ῖρόν
1045 2388 1297 2449 ἐνθεῦτεν
1336 2387 1572 2468 ἐγένετο,
1616 2411 1689 2449 ως
1728 2385 1885 2447 αὐτοὶ

266 2475 514 2558 λέγουσι
537 2475 804 2554 Κύπριοι·
845 2477 940 2535 καὶ
964 2475 1032 2537 τὰ
1064 2480 1125 2535 ἐν
1150 2473 1473 2551 Κυθήροισι
1497 2473 1747 2536 Φοίνικές
1774 2479 1886 2535 εἰσι

269 2567 331 2624 οἱ
357 2562 732 2642 ἱδρυσάμενοι,
761 2567 823 2623 ἐκ
853 2560 1058 2639 ταύτης
1087 2566 1192 2640 τῆς
1228 2563 1432 2640 Συρίης
1466 2560 1666 2625 ἐόντες.
1729 2565 1887 2623 τοῖσι
1907 2571 2060 2612 ‘Ns

269 2652 336 2711 δὲ
365 2655 478 2712 τῶν
504 2651 761 2717 Σκυθέων
784 2648 1086 2726 συλήσασι
1118 2650 1186 2711 τὰ
1221 2650 1342 2729 ἱρὸν
1365 2649 1432 2710 τὸ
1461 2654 1520 2710 ἐν
1542 2649 1880 2723 Ἀσκάλωνι,

270 2740 370 2800 καὶ
413 2741 568 2799 τοῖσι
608 2736 819 2798 τούτων
863 2738 973 2798 αἰεὶ
1018 2736 1316 2819 ἐκγόνοισι,
1358 2738 1633 2816 ἐνέσκηψε
1674 2738 1714 2813 ἦ
1760 2738 1886 2802 θεὸς

272 2826 512 2904 θήλειαν
536 2830 764 2888 νοῦσον·
807 2823 953 2886 ὥστε
979 2824 1101 2902 ἅμα
1124 2826 1368 2906 λέγουσί
1386 2850 1450 2886 τε
1476 2829 1531 2886 οἱ
1557 2825 1769 2891 Σκύθαι
1794 2825 1887 2885 διοὶ

268 2912 445 2975 τοῦτό
484 2919 672 2989 σφεας
708 2912 943 2984 νοσέειν,
984 2913 1077 2971 καὶ
1117 2912 1256 2991 ὁρᾶν
1293 2911 1425 2990 παρ’
1466 2915 1720 2972 ἑωυτοῖσι
1755 2913 1887 2976 τούς

270 3000 707 3078 ἀπικνεομένους
737 3004 794 3063 ἐς
828 2997 935 3076 τήν
967 2999 1246 3076 Σκυθικὴν
1274 2998 1464 3077 χώρην
1495 2998 1566 3061 ὥς
1604 3000 1887 3059 διακέαται

268 3088 409 3151 τοῦς
442 3089 715 3149 καλέουσι
746 3085 1012 3165 Ἐναρέας
1048 3089 1105 3146 οἶ
1140 3085 1372 3150 Σκύθαι.
1440 3084 1573 3144 Ἐπὶ
1606 3086 1711 3161 μέν
1746 3111 1843 3147 νυν
1863 3089 1979 3147 106

272 3175 424 3239 ὄκτῶ
451 3176 544 3237 καὶ
569 3176 750 3237 εἴκοσι
777 3176 902 3234 ἔτεα
922 3173 1104 3252 ἦρχον
1120 3177 1223 3249 τῆς
1244 3171 1444 3248 Ἀσίης
1470 3175 1524 3231 οἱ
1543 3171 1772 3246 Σκύθαι,
1794 3175 1889 3234 καὶ

272 3264 353 3327 τὰ
377 3262 565 3325 πάντα
589 3269 704 3342 σφι
725 3261 836 3324 ύπό
861 3288 926 3322 τε
947 3261 1147 3338 ὕβριος
1174 3260 1266 3320 καὶ
1284 3258 1579 3339 ὀλιγωρίης
1599 3259 1889 3323 ἀνάστατα
