2184 3517
360 80 456 129 322
966 74 1333 137 ἨΡΟΔΟΤῼΤ
1824 73 1847 138 [
1862 75 1964 125 IV.

355 162 580 220 ποιεῦσι
603 158 753 219 τάδε·
787 154 1091 233 οἷποταμῶν
1118 156 1357 220 ἕκαστος
1381 153 1656 231 κεφαλὴν,
1685 153 1963 233 ἀποφέρε-

355 273 448 307 ται
475 252 530 310 ἐς
552 246 626 306 τοὶ
652 246 817 306 οἰκία·
852 246 1041 305 ἔπειτα
1067 244 1160 304 ε’πὶ
1186 244 1359 314 ξύλου
1385 241 1640 323 μεγάλου
1665 242 1964 322 ἀναπείρας

357 338 492 414 ἱστᾷ
521 334 660 411 ὑπὲρ
686 337 787 409 τῆς
821 333 995 408 οἰκίης
1021 331 1410 411 ὑπερέχουσαν
1434 330 1677 401 πολλὸν,
1704 330 1961 407 μάλιστα

355 423 415 481 δὲ
440 422 578 499 ὑπὲρ
605 425 705 498 τῆς
732 420 1092 497 καπνοδόκης·
1137 421 1288 497 φασὶ
1314 420 1374 480 δὲ
1407 418 1637 484 τούτους
1673 420 1960 496 φυλάκους

352 514 455 586 τῆς
506 511 679 585 οἰκίης
731 508 920 585 πάσης
972 508 1464 586 ὑπεραιωρέεσθαι.
1547 507 1691 578 ζῶσι
1740 508 1800 567 δὲ
1847 508 1956 569 οἷπό

262 600 374 657 104
395 597 558 674 ληίης
596 623 658 656 τε
699 597 792 655 καὶ
824 597 1095 673 πολέμου.
1165 595 1512 677 Ἀγάθυρσοι
1548 595 1608 654 δὲ
1649 594 1955 672 ἁβρότατοι

351 683 544 763 ἄνδρες
581 685 708 756 εἶσὶ,
738 685 853 744 καὶ-
869 684 1227 764 χρυσοφόροι
1254 684 1328 745 τὰ
1363 684 1637 761 μάλιστα·
1682 685 1954 745 ἐπίκοινον

354 772 415 832 δὲ
437 778 548 833 τῶν
571 776 844 854 γυναικῶν
869 772 973 849 τὴν
997 774 1151 849 μίξιν
1175 777 1476 842 ποιεῦνται,
1507 773 1595 832 ἵνα
1628 774 1954 854 κασίγνητοί

352 887 415 920 τε
455 860 724 937 ἀλλήλων
768 862 916 932 ἔωσι,
959 861 1050 921 καὶ
1090 860 1294 936 οἰκήῖοι
1334 859 1515 924 ἐόντες
1554 859 1776 930 πάντες,
1817 861 1949 937 μήτε

354 947 544 1029 φθόνῳ
568 947 697 1026 μήτ’
726 949 878 1028 ἔχθεϊ
903 949 1173 1029 χρέωνται
1200 953 1254 1011 ἐς
1280 946 1586 1023 ἀλλήλους·
1627 948 1702 1007 τὰ
1728 947 1777 1007 δ’
1803 947 1948 1008 ἅλλα

264 1039 374 1096 105
395 1037 597 1114 νόμαια
618 1037 815 1115 Θρήῖξι
834 1036 1362 1116 προσκεχωρήκασι.
1417 1036 1628 1113 Νευροὶ
1647 1036 1710 1095 δὲ
1730 1036 1946 1113 νόμοισι

354 1128 458 1202 μὲν
496 1127 764 1205 χρέωνται
804 1125 1152 1190 Σκυθικοῖσι.
1232 1127 1397 1204 γενεῇ
1438 1124 1498 1183 δὲ
1535 1128 1640 1202 μιῇ
1681 1124 1945 1202 πρότερόν

353 1220 537 1290 σφεας
561 1219 660 1289 τῆς
688 1214 928 1290 Δαρείου
947 1212 1373 1289 στρατηλασίης
1394 1212 1680 1287 κατέλαβε
1707 1216 1943 1272 ἐκλιπεῖν

351 1301 454 1377 τὴν
476 1301 664 1381 χώρην
681 1304 874 1360 πᾶσαν
892 1300 1003 1360 ὑπὸ
1022 1299 1220 1376 ὀφίων·
1248 1298 1417 1375 ὄφιας
1434 1297 1545 1379 γάρ
1567 1306 1682 1375 σφι
1702 1300 1944 1364 πολλοὺς

350 1393 455 1466 μὲν
494 1390 532 1465 ἤ
570 1389 727 1469 χώρη
761 1387 1040 1464 ἀνέφαινε,
1067 1391 1123 1448 οἱ
1154 1388 1214 1447 δὲ
1245 1391 1479 1451 πλεῦνες
1511 1385 1721 1448 ἄνωθέν
1745 1393 1856 1464 σφι
1884 1393 1940 1448 ἐκ

349 1480 459 1537 τῶν
485 1477 700 1553 ἐρήμων
725 1476 1018 1546 ε’πέπεσον,
1040 1480 1097 1538 ἐς
1121 1474 1170 1545 ὃ,
1189 1474 1523 1551 πιεζόμενοι,
1545 1476 1783 1550 οἴκησαν
1805 1475 1936 1553 μετὰ

352 1563 641 1632 Βουδίνων,
673 1561 778 1639 τήν
810 1565 1020 1623 ἑωυτῶν
1054 1562 1395 1625 ἐκλιπόντες.
1479 1562 1850 1623 κινδυνεύουσι
1881 1564 1934 1622 δὲ

351 1654 404 1711 οῖ
443 1649 725 1727 ἅνθρωποι,
762 1647 917 1710 οὗτοι
953 1648 1153 1731 γόητες
1193 1650 1350 1711 εἶναι·
1392 1649 1657 1730 λέγονται
1695 1651 1802 1732 γοὶρ
1832 1651 1931 1710 ὖπὸ

353 1739 604 1813 Σκυθέων
641 1738 734 1798 καὶ
771 1736 1064 1814 Ἑλλήνων
1087 1742 1198 1799 τῶν
1225 1742 1283 1797 ἔν
1307 1739 1379 1816 τῇ
1413 1737 1662 1816 Σκυθικῇ
1696 1764 1928 1815 κατοικη-

346 1828 537 1903 μένων,
566 1825 637 1890 ὦς
662 1829 810 1889 ἔτεος
840 1825 1080 1886 ἑκάστου
1110 1825 1264 1896 ἅπαξ
1290 1830 1402 1885 τῶν
1441 1829 1674 1901 Νευρῶν
1714 1826 1929 1888 ἕκαστος

347 1916 516 1978 λύκος
559 1915 771 1995 γίνεται
820 1914 1032 1992 ἡμέρας
1069 1914 1284 1995 ὀλίγας,
1326 1915 1420 1973 καὶ
1460 1913 1615 1977 αὖτις
1655 1913 1832 1974 ὀπίσω
1879 1920 1926 1976 ἐς

344 2001 519 2063 raah-<i
559 2004 907 2063 κατίσταται·
949 2005 1047 2079 ε’μὲ
1085 2004 1191 2079 μέν
1230 2029 1327 2062 νυν
1365 2006 1540 2062 ταῦτα
1580 2004 1834 2084 λέγοντες
1869 2002 1925 2061 οὗ

346 2092 624 2151 πείθουσι·
665 2090 902 2172 λέγουσι
937 2090 996 2150 δὲ
1032 2090 1189 2150 οὐδὲν
1218 2088 1425 2165 ἧσσον,
1455 2091 1547 2149 καὶ
1584 2089 1846 2167 ὀμνύουσι
1873 2091 1925 2149 δὲ

253 2181 367 2238 106
386 2179 666 2260 λέγοντες,
742 2177 1124 2258 Ἀνδροφάγοι
1164 2178 1224 2237 δὲ
1264 2176 1581 2258 ἀγριώτατα
1606 2178 1821 2239 πάντων
1843 2177 1923 2238 ἄν·

346 2266 576 2344 θρῶπων
620 2268 817 2346 ἔχουσι
862 2266 1021 2341 ἤθεα·
1078 2264 1206 2326 οὔτε
1253 2266 1410 2341 δίκην
1457 2267 1769 2342 νομίζοντες
1812 2265 1923 2326 οὔτε

343 2355 492 2435 νόμῳ
524 2355 704 2416 οὐδενὶ
739 2354 1061 2433 χρεώμενοι·
1103 2353 1338 2431 νομάδες
1371 2354 1435 2414 δέ
1461 2358 1593 2413 εἰσι·
1637 2356 1844 2430 ἐσθῆτα.
1869 2355 1922 2412 δὲ

346 2444 621 2520 φορέουσι
671 2447 744 2522 τῇ
793 2443 1036 2521 Σκυθικῇ
1080 2442 1296 2519 ὁμοίην,
1344 2445 1623 2522 γλῶσσαν
1667 2442 1727 2501 δὲ
1778 2442 1921 2517 ἰδίην·

247 2530 360 2589 107
381 2530 923 2612 οἷνθρωποφαγέουσι
943 2529 1001 2589 δὲ
1020 2534 1217 2607 μοῦνοι
1234 2529 1457 2589 τούτων.
1509 2528 1923 2610 Μελάγχλαινοι

341 2617 401 2676 δὲ
437 2617 637 2693 εἵματα
671 2621 775 2694 μὲν
810 2618 1029 2694 μέλανα
1063 2619 1339 2695 φορέουσι
1375 2617 1596 2688 πάντες,
1625 2617 1710 2676 ἐπ’
1746 2615 1817 2677 ὧν
1839 2617 1920 2675 καὶ

336 2704 437 2767 τοὶς
463 2706 769 2782 ἐπωνυμίας
796 2708 1009 2785 ἔχουσι·
1048 2705 1276 2782 νόμοισι
1300 2706 1360 2765 δὲ
1386 2707 1717 2770 Σκυθικοῖσι
1740 2707 1920 2785 χρέων·

222 2795 358 2850 “108
377 2816 488 2850 ται.
572 2793 828 2852 Βουδῖνοι
882 2794 956 2862 δὲ,
1005 2795 1161 2856 ἔθνος
1212 2794 1305 2854 ε’ὂν
1355 2794 1504 2875 μέγα
1556 2794 1650 2853 καὶ
1701 2791 1918 2859 πολλόν,

337 2877 585 2955 γλαυκόν
610 2903 672 2937 τε
699 2882 810 2937 πᾶν
838 2884 1079 2958 ἰσχυρῶς
1107 2882 1230 2940 ἐστὶ
1258 2882 1349 2940 καὶ
1375 2881 1607 2957 πυρρόν.
1689 2881 1847 2943 πόλις
1870 2880 1921 2937 δὲ

338 2967 396 3018 ἐν
435 2961 656 3022 αὖτοῖσι
695 2965 1039 3032 πεπόλισται
1080 2968 1291 3043 ξυλίνη,
1335 2968 1546 3044 οὕνομα
1586 2969 1647 3029 δὲ
1686 2974 1758 3047 τῇ
1791 2967 1920 3026 ’πόλι

339 3047 462 3102 ἐστὶ
502 3050 768 3112 Γελωνός·
809 3056 912 3110 τοῦ
946 3053 1006 3111 δὲ
1030 3056 1245 3132 τείχεος
1269 3057 1531 3136 μέγαθος,
1561 3061 1746 3115 κῶλον
1771 3056 1920 3113 ἔκασ-

336 3150 434 3184 τον
477 3132 772 3205 τριήκοντα
818 3139 1059 3197 σταδίων
1100 3142 1245 3200 ε’στί·
1301 3143 1525 3221 ὕψηλόν
1568 3143 1646 3215 δὲ,
1689 3143 1781 3203 καὶ
1818 3144 1920 3201 πᾶν

338 3206 576 3270 ξύλινον·
616 3219 709 3274 καὶ
735 3222 902 3279 οἰκίαι
934 3223 1114 3284 αὐτῶν
1152 3226 1387 3300 ξύλιναι,
1416 3232 1508 3289 καὶ
1547 3230 1622 3290 τὰ
1660 3231 1770 3303 ἱρά·
1808 3230 1917 3289 ἔστι
