2184 3517
335 103 432 152 280
944 102 1315 153 ἮΡοΔοΤοτ
1804 101 1939 167 [IV.

332 182 400 243 τό
417 182 596 265 γάλα·
624 184 718 244 καὶ
740 183 808 244 τὰ
834 185 938 261 μὲν
957 182 1130 244 αὐτοῦ
1156 181 1531 260 ἐπιστάμενον
1551 180 1955 262 ἀπαρύσαντες

332 269 594 351 ἡγεῦνται
622 271 760 331 εἶναι
784 270 1129 348 τιμιώτερον·
1170 270 1239 331 τὰ
1268 269 1313 329 δ’
1340 270 1725 347 ὖπιστάμενον
1748 269 1954 347 ἧσσον

332 363 435 419 τοῦ
461 360 666 435 ἑτέρου.
718 360 928 419 τούτων
945 362 1049 436 μὲν
1070 360 1251 419 εἵνεκα
1270 357 1490 418 ἅπαντα
1508 358 1610 419 τὸν
1625 357 1695 418 ἂν
1708 358 1956 436 λάβωσι

335 450 391 507 οἱ
432 447 643 513 Σκύθαι
685 451 1049 523 ἐκτυφλοῦσι·
1105 446 1171 506 ού
1212 446 1324 528 γὰρ
1366 446 1566 524 ἀρόται
1615 448 1743 517 εἶσὶ,
1785 446 1955 508 ἀλλὰ

267 537 305 594 3
332 535 583 612 νομάδες.
637 532 740 594 Ἐκ
765 534 973 595 τούτων
999 534 1067 610 δὴ
1097 533 1171 594 ὧν
1197 540 1311 610 σφι
1336 539 1448 594 τῶν
1475 533 1692 594 δούλων
1718 536 1811 594 καὶ
1828 540 1955 597 τῶν

333 626 606 703 γυναικῶν
644 623 933 701 ἐπετράφη
971 626 1181 699 νεότης·
1226 621 1282 681 οἳ
1321 622 1447 681 ἐπεί
1482 647 1547 682 τε
1588 623 1798 699 ἔμαθον
1834 623 1954 700 τήν

331 711 619 788 ’σφετέρην
636 710 872 792 γένεσιν,
892 710 1185 786 ἠντιοῦντο
1212 708 1437 770 αὐτοῖσι
1462 713 1719 770 κατιοῦσι
1746 716 1808 771 ἐκ
1825 715 1950 772 τῶν

338 798 566 873 Μήδων·
608 798 701 858 καὶ
734 802 931 877 πρῶτα
955 801 1060 876 μὲν
1088 796 1196 875 τήν
1220 797 1410 877 χώρην
1441 796 1816 876 ἀπετάμοντο,
1842 799 1948 859 τά·

336 892 484 963 φρον
508 886 837 966 ὀρυξάμενοι
869 885 1078 964 εὐρέαν,
1107 885 1539 959 κατατείνουσαν
1569 890 1632 946 ἐκ
1662 891 1773 947 τῶν
1798 893 1947 946 Ταυ-

333 979 500 1052 ρικῶν
547 973 749 1053 ούρέων
796 980 853 1039 ἐς
895 975 999 1051 τήν
1046 977 1302 1034 Μαιῶτιν
1350 974 1571 1051 λίμνην,
1620 972 1768 1052 ἤπερ
1815 976 1949 1035 ἐστὶ

333 1063 596 1144 μεγίστη·
648 1062 792 1140 μετὰ
838 1063 913 1133 δὲ,
954 1062 1377 1140 πειρεωμένοισι
1422 1061 1742 1138 ἐσβάλλειν
1785 1067 1948 1123 τοῖσι

337 1150 590 1230 Σκύθῃσι
643 1150 1116 1227 ἀντικατιζόμενοι
1168 1149 1469 1229 ἐμάχοντο·
1528 1150 1826 1231 γινομένης
1882 1151 1947 1211 δὲ

334 1238 520 1318 μάχης
543 1238 839 1309 πολλάκις,
861 1240 955 1298 καὶ
980 1238 1044 1298 οὗ
1073 1237 1386 1315 δυναμένων
1412 1236 1570 1298 οὐδὲν
1595 1239 1775 1298 πλέον
1795 1239 1948 1318 ἔχειν

332 1330 446 1387 τῶν
482 1327 735 1392 Σκυθέων
769 1331 842 1405 τῇ
871 1325 1046 1405 μάχῃ,
1077 1326 1155 1389 εἷς
1189 1324 1370 1386 αὐτῶν
1407 1326 1564 1397 ἔλεξε
1596 1325 1750 1386 τάδε·
1795 1337 1831 1362 “
1850 1328 1947 1387 οἷα

332 1419 611 1492 ποιεῦμεν,
639 1413 830 1491 ἄνδρες
858 1414 1103 1483 Σκύθαις
1146 1412 1405 1474 δούλοισι
1435 1417 1590 1474 τοῖσι
1614 1413 1946 1491 ἡμετέροισι

333 1501 660 1580 μαχόμενοι,
688 1503 852 1563 αὐτοί
871 1527 935 1563 τε
967 1501 1280 1566 ἐλάσσονες
1307 1501 1643 1579 κτεινόμενοι
1667 1503 1947 1583 γινόμεθα

336 1590 430 1648 καὶ
446 1590 682 1655 ἐκείνους
698 1592 998 1655 κτείνοντες
1018 1589 1349 1651 ἐλασσόνων
1365 1591 1432 1651 τὰ
1451 1590 1657 1652 λοιπόν
1677 1589 1944 1669 ἄρξομεν·

335 1681 433 1739 νῦν
457 1676 532 1739 ὦν
556 1703 656 1756 μοι
681 1678 858 1738 δοκέει
890 1678 1100 1758 αἰχμὰς
1128 1680 1232 1756 μὲν
1259 1679 1352 1737 καὶ
1382 1677 1522 1749 τόξα
1546 1682 1811 1756 μετεῖναι,
1840 1684 1946 1739 λα-

334 1764 518 1842 βόντα
536 1767 596 1826 δὲ
617 1767 853 1827 ἕκαστον
871 1772 971 1827 τοῦ
994 1767 1169 1826 ἵππου
1194 1766 1298 1842 τὴν
1315 1765 1574 1848 μάστιγα
1596 1768 1734 1827 ἰέναι
1753 1766 1947 1828 ἆσσον

336 1853 533 1915 αὐτῶν·
568 1855 737 1934 μέχρι
761 1857 867 1931 μὲν
890 1853 1002 1935 γάρ
1030 1854 1204 1932 ὤρεον
1228 1854 1407 1931 ἡμέας
1432 1853 1588 1913 ὅπλα
1613 1855 1861 1933 ἔχοντας,
1891 1859 1948 1915 οἱ

338 1942 398 2002 δὲ
423 1942 673 2020 ἐνόμιζον
692 1942 883 2021 ὁμοῖοί
902 1969 966 2003 τε
992 1943 1086 2002 καὶ
1114 1943 1178 2013 ἐξ
1201 1941 1407 2018 ὁμοίων
1426 1941 1562 2020 ἡμῖν
1584 1942 1742 2003 εἶναι·
1775 1944 1949 2005 ἐπεὰν

336 2030 398 2090 δὲ
434 2031 653 2091 ἴδωνται
686 2031 968 2113 μάστιγας
1003 2030 1128 2092 ἀντὶ
1162 2029 1353 2091 ὅπλων
1390 2031 1636 2111 ἔχοντας,
1669 2031 1948 2108 μαθόντες

338 2118 412 2183 ὥς
447 2123 559 2179 εἰσι
587 2118 849 2197 ἡμέτεροι
885 2121 1080 2179 δοῦλοι
1118 2119 1210 2177 καὶ
1246 2119 1585 2200 συγγνόντες
1620 2123 1808 2191 τοῦτο,
1843 2120 1947 2180 οὐκ

267 2208 308 2268 4
333 2206 757 2286 ὖπομενέουσι.”
818 2211 1009 2268 Ταῦτα
1033 2206 1373 2271 ἀκούσαντες
1401 2210 1457 2267 οἱ
1485 2206 1697 2273 Σκύθαι
1723 2208 1950 2269 ἐποίευν

338 2295 615 2357 ἐπιτελέα·
658 2299 712 2356 οἶ
737 2295 785 2356 δ’
812 2296 1183 2378 ἐκπλαγέντες
1212 2300 1289 2374 τῷ
1313 2294 1602 2377 γινομένῳ,
1627 2299 1732 2372 τῆς
1755 2296 1948 2376 μάχης

335 2410 400 2445 τε
427 2384 768 2446 ἐπελάθοντο
800 2385 893 2444 καὶ
920 2386 1176 2465 ἔφευγον.
1244 2382 1386 2443 οὕτω
1418 2387 1474 2443 οἱ
1505 2382 1718 2449 Σκύθαι
1749 2388 1851 2460 τῆς
1880 2410 1947 2444 τε

336 2471 536 2550 Ἀσίης
571 2471 763 2551 ἦρξαν,
803 2472 897 2532 καὶ
940 2469 1333 2542 ἐξελασθέντες
1369 2470 1523 2536 αὖτις
1562 2470 1672 2532 ’ὖπό
1712 2471 1943 2547 Μήδων,

344 2563 626 2638 κατῆλθον
656 2560 846 2640 τρόπῳ
876 2560 1109 2640 τοιούτῳ
1135 2566 1190 2624 ἐς
1223 2558 1330 2636 τὴν
1365 2559 1670 2638 σφετέρην.
1736 2564 1849 2621 τῶν
1882 2560 1948 2620 δὲ

339 2649 517 2709 εἵνεκα
563 2648 596 2710 ό
642 2653 879 2727 Δαρεῖος
922 2648 1198 2710 τίσασθαι
1235 2649 1604 2727 βουλόμενος,
1645 2648 1945 2731 συνήγειρε

343 2736 427 2796 ἐπ’
454 2736 652 2801 αύτοῧς
677 2736 1020 2814 στράτευμα.

281 2827 321 2883 5
417 2823 516 2888 Ὡς
540 2825 601 2884 δὲ
635 2823 848 2890 Σκύθαι
879 2825 1135 2906 λέγουσι,
1160 2824 1430 2886 νεώτατον
1459 2823 1719 2887 ἁπάντων
1746 2826 1950 2886 ἐθνέων

342 2909 483 2971 εἶναι
524 2912 593 2972 τὰ
635 2913 932 2991 σφέτερον·
985 2917 1155 2972 τοῦτο
1198 2914 1259 2972 δὲ
1297 2914 1562 3026 γενέσθαι
1603 2911 1727 2974 ὦδε·
1770 2913 1951 2992 ἄνδρα

338 2999 603 3078 γενέσθαι
637 3004 858 3077 πρῶτον
891 3004 950 3060 ἐν
986 3004 1062 3077 τῇ
1101 3005 1179 3081 γῇ
1218 3001 1408 3080 ταύτῃ,
1438 3001 1609 3081 ἐούσῃ
1638 3000 1840 3081 ἐρήμω,
1865 3006 1951 3081 τῷ

342 3108 552 3161 ουνομα
593 3087 732 3147 εἶναι
768 3089 1102 3169 Ταργίταον·
1144 3092 1248 3148 τοῦ
1289 3090 1349 3149 δὲ
1388 3088 1706 3171 Ταργιταου
1743 3089 1952 3150 τούτου

343 3192 473 3233 τους
521 3173 716 3235 τοκέας
777 3175 1014 3254 λέγουσι
1074 3175 1232 3246 εἶναι,
1287 3176 1414 3254 ἐμοὶ
1472 3179 1577 3253 μὲν
1637 3176 1705 3237 ού
1762 3178 1952 3237 πιστὰ

346 3253 618 3332 λέγοντες,
643 3259 881 3338 λέγουσι
904 3260 1023 3319 δ”
982 3288 1056 3323 ων
1082 3263 1197 3321 Δία
1221 3288 1285 3323 τε
1311 3289 1404 3324 και
1434 3264 1816 3341 Βορυσθένεος
1844 3269 1954 3325 τοῦ
