2184 3517
275 118 497 185 17-21]
951 122 1220 174 eAAmA.
1784 129 1882 179 209

277 199 660 275 μετεπέμπετο
687 199 752 270 ἐξ
776 198 1183 278 Ἐλεφαντίνης
1216 201 1418 267 πόλιος
1448 229 1561 264 των
1582 204 1883 283 Ἰχθυοφά-

276 311 389 366 γων
413 286 625 364 ἀνδρῶν
650 314 781 352 τους
807 289 1211 365 ἐπισταμένους
1239 290 1344 367 τὴν
1369 291 1669 351 Αἰθιοπίδα
1692 296 1883 373 γλῶσ-

264 398 405 434 σαν·
460 379 521 435 ἐν
559 372 603 452 ᾧ
642 375 702 434 δὲ
740 374 970 439 τούτους
1006 377 1301 454 μετήῖσαν,
1345 383 1405 438 ἐν
1440 377 1618 460 τούτω
1659 382 1877 441 ἐκέλευε

275 462 368 521 ἐπὶ
404 461 512 538 τήν
552 434 894 542 Καρχηδόνα
943 465 1139 525 πλέειν
1176 464 1278 526 τᾶν
1316 467 1575 527 ναυτικὸν
1614 466 1879 545 στρατόν·

273 549 524 613 Φοίνικες
548 550 609 610 δὲ
636 550 738 610 οἰκ
764 554 988 628 ἔφασαν
1012 552 1276 628 ποιήσειν
1308 558 1505 614 ταῦτα·
1548 554 1798 632 ὄρκίοισί
1815 582 1880 617 τε

272 637 385 718 γὰρ
422 638 729 720 μεγάλοισι
764 639 1081 701 ἐνδεδέσθαι
1123 642 1215 700 καὶ
1251 640 1350 702 οὐκ
1390 639 1462 702 ἂν
1493 644 1705 703 ποιέειν
1742 642 1878 703 ὅσια

275 726 367 784 ἐπὶ
384 726 515 790 τοῦς
532 727 733 792 παῖδας
750 727 880 791 τούς
900 732 1111 788 ἐωυτῶν
1129 729 1580 806 στρατευόμενοι·
1608 732 1878 794 Φοινίκων

274 811 336 872 δὲ
361 812 428 875 οὖ
449 816 831 893 βουλομένων,
854 819 909 876 οἶ
933 817 1127 876 λοιποὶ
1154 816 1256 877 ούκ
1282 815 1583 896 ἀξιόμαχοι
1609 818 1874 899 ἐγίνοντο.

275 902 655 982 Καρχηδόνιοι
705 905 811 978 μέν
863 929 960 965 νυν
1010 902 1153 964 οὕτω
1208 904 1558 982 δουλοσύνην
1610 906 1877 988 διέφυγον

271 989 414 1067 πρὸς
445 993 742 1068 Περσέων·
798 990 1127 1069 Καμβύσης
1165 993 1277 1074 γοὶρ
1314 994 1454 1070 βίην
1494 994 1593 1053 οὔκ
1635 995 1875 1055 ἐδικαίου

271 1079 620 1157 προσφέρειν
644 1080 875 1150 Φοίνιξι,
903 1079 991 1140 ὅτι
1017 1081 1205 1156 σφέας
1227 1106 1290 1141 τε
1316 1079 1513 1145 αὐτους
1539 1081 1875 1142 ἐδεδώκεσαν

272 1165 540 1245 Πέρσῃσι
591 1168 687 1226 καὶ
735 1193 848 1233 πας
895 1173 956 1228 ἐκ
995 1170 1265 1228 Φοινίκων
1301 1167 1508 1246 ἤρτητο
1548 1169 1582 1229 ὅ
1621 1169 1874 1234 ναυτικος

270 1254 533 1330 στρατός.
614 1254 802 1320 δόντες
861 1256 924 1316 δὲ
980 1256 1073 1315 καὶ
1133 1256 1378 1334 Κύπριοι
1434 1257 1620 1333 σφέας
1678 1256 1876 1322 αὐτοῦς

270 1342 539 1422 Πέρσῃσι
602 1343 1002 1421 ἐστρατεύοντο
1067 1342 1153 1403 ἐπ’
1210 1345 1516 1426 Αἴγυπτον.
1597 1344 1761 1404 Ἐπεί
1811 1371 1874 1405 τε
1892 1348 1969 1406 20

269 1428 333 1488 δὲ
368 1434 449 1510 τῷ
487 1431 784 1511 Καμβύσῃ
826 1436 887 1491 ἐκ
923 1435 1027 1508 τῆς
1062 1430 1467 1508 Ἐλεφαντίνης
1506 1431 1774 1493 ἀπίκοντο
1814 1436 1871 1494 οἱ

268 1514 654 1601 Ἰχθυοφάγοι,
681 1521 894 1597 ἔπεμπε
925 1519 1128 1584 αὐτοῦς
1161 1524 1218 1584 ἐς
1251 1520 1381 1586 τοῦς
1405 1521 1682 1585 Αἰθίοπας
1707 1525 1869 1582 ἐντει-

267 1604 514 1682 λάμενος
549 1608 622 1667 τοὶ
655 1608 844 1716 λέγειν
876 1607 1006 1687 χρὴ,
1041 1609 1137 1667 καὶ
1172 1608 1325 1685 δῶρα
1357 1611 1633 1686 φέροντας
1657 1609 1873 1687 πορφύ-

266 1692 400 1769 ρεόν
422 1719 486 1754 τε
508 1695 641 1775 εἷμα
667 1696 760 1754 καὶ
783 1696 1028 1776 χρύσεον
1051 1695 1335 1773 στρεπτὸν
1369 1699 1753 1777 περιαυχένιον
1779 1698 1873 1757 καὶ

267 1781 445 1858 ψέλια,
475 1784 567 1843 καὶ
604 1782 785 1860 μύρου
822 1782 1200 1861 ἀλάβαστρον
1240 1784 1333 1844 καὶ
1374 1785 1690 1861 φοινικηιου
1721 1784 1874 1845 οἴνου

267 1868 457 1930 κιίδον.
538 1874 594 1930 οἱ
633 1871 696 1931 δὲ
725 1872 992 1936 Αιθίοπες
1028 1896 1200 1942 ουτοι,
1240 1876 1297 1936 ἐς
1329 1871 1461 1937 τους
1503 1871 1798 1950 ἀπέπεμπε
1836 1872 1872 1933 ὅ

267 1955 613 2035 Καμβύσης,
654 1959 918 2039 λέγονται
960 1958 1100 2019 εἶναι
1133 1958 1396 2040 μέγιστοι
1436 1960 1530 2018 καὶ
1570 1959 1873 2021 καλλιστοι

260 2043 572 2122 ἀνθρώπων
594 2045 834 2107 πάντων·
874 2046 1102 2123 νόμοισι
1139 2046 1200 2105 δὲ
1240 2047 1333 2106 καὶ
1358 2045 1592 2107 ἄλλοισι
1616 2049 1871 2125 χρᾶσθαι

266 2130 470 2197 αὐτούς
497 2140 648 2212 φασι
689 2135 1154 2215 κεχωρισμένοισι
1185 2138 1299 2194 τῶν
1333 2132 1526 2194 ἄλλων
1551 2134 1869 2211 ἀνθρώπων,

252 2221 365 2280 καὶ
389 2221 459 2297 δὴ
494 2223 587 2282 καὶ
623 2220 767 2282 κατοὶ
804 2221 913 2299 τήν
947 2221 1266 2298 βασιληίην
1295 2220 1506 2300 τοιῷδε·
1544 2221 1646 2281 τὸν
1671 2219 1740 2282 ἂν
1762 2226 1874 2283 τῶν

248 2307 460 2369 οἰστῶν
473 2311 704 2387 κρίνωσι
720 2309 993 2392 μέγιστόν
1009 2334 1075 2370 τε
1100 2309 1237 2370 εἶναι
1257 2307 1350 2367 καὶ
1376 2308 1518 2368 κατὰ
1535 2307 1603 2369 τὰ
1622 2308 1871 2390 μέγαθος

265 2396 417 2476 ἔχειν
439 2397 545 2474 τήν
572 2398 755 2477 ἷσχῦν,
779 2401 982 2459 τοῦτον
1006 2397 1229 2468 ἀξιοῦσι
1253 2396 1603 2474 βασιλεύειν.

348 2482 444 2549 Ἐς
494 2486 724 2566 τούτους
762 2485 832 2561 δὴ
873 2484 950 2546 ὧν
985 2485 1118 2548 τούς
1156 2483 1357 2563 ἄνδρας
1396 2481 1471 2548 ὥς
1507 2483 1775 2545 ἀπίκοντο
1814 2487 1869 2545 οἱ
1887 2485 1960 2546 21

263 2569 654 2654 Ἰχθυοφάγοι,
697 2573 940 2637 διδόντες
974 2573 1049 2633 τοὶ
1086 2574 1238 2651 δῶρα
1274 2577 1353 2652 τῷ
1388 2573 1635 2650 βασιλέϊ
1674 2572 1869 2644 αὐτῶν,

264 2660 467 2741 ἔλεγον
510 2661 661 2722 τάδε·
729 2671 766 2697 “
783 2660 1064 2726 Βασιλεῧς
1116 2660 1154 2721 ὅ
1203 2662 1472 2739 Περσέων
1525 2660 1868 2739 Καμβύσης,

261 2748 618 2825 βουλόμενος
643 2751 818 2826 φίλος
841 2774 931 2809 τοι
960 2749 1053 2808 καὶ
1090 2748 1267 2817 ξεῖνος
1299 2749 1580 2831 γενέσθαι,
1607 2748 1785 2826 ἤμέας
1807 2773 1871 2808 τε

261 2834 568 2915 ἀπέπεμψε
608 2842 663 2900 ἐς
701 2836 909 2919 λόγους
945 2861 1036 2897 τοι
1077 2837 1264 2897 ἐλθεῖν
1300 2836 1554 2907 κελεύων,
1593 2837 1686 2896 καὶ
1722 2837 1871 2914 δῶρα

259 2924 445 2984 ταῦτά
494 2950 585 2985 τοι
635 2924 782 2985 διδοῖ
822 2927 977 2984 τοῖσι
1022 2924 1117 2982 καὶ
1170 2922 1337 2986 αὖτὸς
1381 2925 1640 3001 μάλιστα
1682 2924 1875 3001 ἥδεται

260 3010 630 3092 χρεώμενος.”
710 3010 744 3072 ὁ
802 3012 863 3072 δὲ
924 3011 1139 3089 Αἰθίοψ
1194 3010 1391 3088 μαθων
1448 3011 1538 3073 ὅτι
1600 3011 1871 3072 κατόπται

244 3097 471 3175 -ἥκοιεν,
497 3100 655 3180 λέγει
679 3098 821 3176 πρὸς
854 3097 1054 3161 αὐτοῦς
1086 3097 1295 3157 τοιάδε·
1335 3105 1373 3134 “
1391 3096 1518 3158 οὔτε
1543 3098 1577 3158 ὅ
1605 3100 1874 3177 Περσέων
1939 3159 1944 3164 ,

208 3216 213 3221 ·
259 3186 550 3266 βασιλεῦς
589 3188 739 3264 δῶρα
783 3185 955 3263 ύμέας
1008 3187 1224 3262 ἔπεμψε
1276 3185 1550 3262 φέροντας
1587 3190 1875 3263 προτιμῶν

254 3278 492 3399 weng?
545 3275 671 3353 ἐμοὶ
723 3274 898 3345 ξεῖνος
952 3272 1235 3348 γενέσθαι,
1291 3271 1420 3333 οὔτε
1466 3271 1627 3352 ὑμεῖς
1676 3272 1875 3348 λέγετε
