2184 3517
360 98 457 146 264
970 98 1340 148 ἨΡΟΔΟΤΟΤ
1817 97 1949 163 [ῙῘῙ.

357 180 415 240 ἐς
457 174 525 235 τό
569 177 767 253 μέσον·
822 175 855 236 ὁ
901 177 963 236 δὲ
1005 177 1245 237 ἐνθαῦτα
1296 174 1365 251 δή
1411 174 1486 235 ὧν
1533 175 1797 251 ἐκφαίνει,
1843 177 1955 251 φάς

358 261 624 340 ἀτρεκέως
664 267 769 340 μὲν
816 290 916 323 ουκ
961 264 1306 325 ἐπίστασθαι
1354 262 1645 340 ὁμιλήσας
1691 264 1814 322 δὲ’
1795 270 1949 344 ιητρῷ

358 351 687 429 φλαύρως”
657 377 803 431 εχειν
827 351 932 428 τήν
955 352 1178 430 τέχνην·
1220 350 1364 428 μετὰ
1390 349 1540 421 δὲ,
1497 376 1569 413 ως
1595 355 1651 411 οἱ
1676 352 1947 431 ἐπέτρεψε,

355 437 805 515 Ἑλληνικοῖσι’
786 439 988 516 ιήμασι
1028 436 1343 517 χρεώμενος
1388 439 1481 497 καὶ
1526 437 1668 513 ἤπια
1706 439 1846 518 μετὰ
1882 439 1951 501 vd

359 527 565 605 ι’,σχυρά
607 526 925 607 προσάγων,
972 525 1151 587 ὕπνου
1194 526 1261 586 τέ
1297 551 1395 602 μιν
1435 526 1744 606 λαγχάνειν
1782 529 1952 588 εποίεε

357 615 451 673 καὶ
477 620 536 674 ἐν
559 614 743 694 χρόνῳ
767 612 944 694 ὀλίγῳ
969 612 1131 695 ὖγιέα
1155 638 1254 690 μιν
1280 613 1442 674 ἐόντα
1468 612 1715 684 ἀπέδεξε,
1745 613 1955 692 οὖδαμά

356 702 438 762 ἔτι
482 703 781 772 ἐλπίζοντα
821 700 1090 778 ἀρτίπουν
1138 702 1391 762 ἔσεσθαι.
1473 699 1732 778 δωρέεται
1763 701 1832 778 δή
1863 728 1956 779 μιν

356 789 499 865 μετά
531 792 709 850 ταῦτα
735 788 767 848 ὁ
796 792 1034 866 Δαρεῖος
1066 788 1275 849 πεδέων
1297 787 1552 868 χρυσέων
1581 788 1680 848 δύο
1721 789 1953 871 ζεύγεσι·

359 875 392 936 ὅ
418 877 482 937 δέ
504 902 601 954 μιν
629 877 893 954 ἐπείρετο,
923 877 974 936 εἴ
1005 879 1060 936 οἱ
1086 876 1393 951 διπλήσιον
1417 875 1484 936 τό
1514 874 1686 937 κακὰν
1712 878 1956 954 ἐπίτηδες

357 965 508 1041 νέμει
548 964 635 1026 ὅτι
673 991 771 1042 μιν
810 964 970 1046 ὖγιέα
1011 964 1281 1041 ἐποίησε;
1330 963 1527 1039 ἡσθεὶς
1561 963 1622 1023 δὲ
1659 968 1741 1043 τῷ
1777 967 1893 1025 ἔπεϊ
1924 966 1957 1027 ὅ

358 1056 596 1130 Δαρεῖος
635 1052 957 1130 ἀποπέμπει
994 1078 1095 1129 μιν
1130 1050 1285 1129 παρὰ
1316 1051 1418 1115 τοὶς
1449 1054 1651 1111 ἑωυτοῦ
1673 1057 1956 1133 γυναῖκας·

356 1142 703 1223 παράγοντες
728 1142 787 1201 δὲ
814 1144 869 1201 oz
895 1140 1151 1219 εὐνοῦχοι
1177 1141 1372 1221 ἔλεγον
1391 1139 1534 1217 πρὸς
1556 1137 1658 1203 τὰς
1680 1145 1959 1220 γυναῖκας,

357 1227 429 1293 ὦς
456 1230 700 1306 βασιλέϊ
728 1226 889 1292 οὗτος
930 1228 1013 1304 εἴη
1051 1227 1114 1291 ὃς
1149 1227 1255 1304 τὴν
1289 1226 1481 1306 ψυχήν
1520 1225 1787 1288 ἀπέδωκε·
1828 1229 1958 1290 ὕπο-

356 1317 646 1378 κύπτουσα
688 1317 748 1376 δὲ
791 1315 995 1376 αὐτέων
1035 1313 1248 1391 ἑκάστη
1289 1314 1473 1393 φιάλῃ
1515 1320 1571 1378 ἐς
1608 1319 1712 1375 τοῦ
1742 1321 1958 1394 χρυσοῦ

353 1405 458 1478 τήν
491 1404 666 1480 θήκην
698 1403 958 1480 ἐδωρέετο
991 1403 1330 1479 Δημοκήδεα
1361 1401 1503 1462 οὕτω
1536 1401 1608 1478 δή
1636 1428 1695 1462 τι
1735 1403 1961 1482 δαψιλέῖ

353 1490 544 1570 δωρεῇ,
574 1491 645 1554 ὥς
667 1490 797 1554 τοῦς
820 1490 1241 1554 ἀποπίπτοντας
1265 1489 1379 1550 ‹in-<3
1404 1493 1515 1550 τῶν
1543 1490 1798 1566 φιαλέων
1822 1517 1957 1553 στα·

352 1581 527 1653 τῆρας
572 1576 837 1654 ἑπόμενος
877 1577 910 1637 ὁ
953 1577 1185 1652 οἰκέτης,
1230 1581 1309 1656 τῷ
1351 1576 1566 1653 οὕνομα
1611 1576 1684 1653 ἦν
1727 1578 1953 1652 Σκίτων,

353 1664 669 1746 ἀνελέγετο·
728 1665 824 1724 καί
867 1667 922 1724 οἱ
962 1668 1158 1745 χρῆμα
1203 1664 1425 1726 πολλόν
1464 1690 1523 1726 τι
1566 1670 1787 1744 χρυσοῦ
1827 1692 1955 1730 συν-

353 1754 579 1832 ελέχθη.

260 1843 371 1901 131
456 1841 526 1900 ‘O
555 1842 614 1901 δὲ
642 1842 977 1919 Δημοκήδης
996 1839 1157 1906 οὗτος
1183 1839 1288 1902 ὦδε
1314 1847 1375 1902 ἐκ
1402 1841 1698 1920 Κρότωνος
1722 1841 1956 1925 ἀπιγμέ-

352 1955 446 1992 νος
475 1927 832 2006 Πολυκράτεϊ
865 1929 1142 2007 ὦμίλησε·
1183 1931 1354 2007 πατρὶ
1385 1931 1677 2010 συνείχετο
1711 1936 1771 1992 ἐν
1805 1932 1952 2009 Κρό-

350 2043 481 2077 τωνι
535 2016 711 2097 ὀργήν
762 2021 1014 2097 χαλεπῷ·
1066 2021 1266 2079 τοῦτον
1307 2020 1432 2077 ἐπεί
1476 2042 1541 2079 τε
1583 2016 1686 2078 οὐκ
1726 2018 1953 2080 ἐδύνατο

352 2106 559 2183 φέρειν,
596 2103 890 2166 ἀπολιπών
933 2107 1122 2185 οἴχετο
1164 2111 1221 2171 ἐς
1259 2106 1511 2186 Αἴγιναν·
1567 2107 1855 2172 καταστάς
1893 2108 1952 2168 δὲ

352 2199 407 2258 ἐς
431 2193 655 2271 ταύτην,
681 2196 759 2273 τῷ
784 2192 982 2273 πρώτῳ
1008 2194 1119 2253 ἔτεϊ
1141 2193 1529 2270 ὖπερεβάλετο
1547 2193 1679 2258 τοῦς
1702 2194 1952 2272 πρώτους

352 2282 585 2360 ἷητροῦς,
620 2281 859 2358 ἀσκευής
896 2306 1004 2361 περ
1046 2281 1150 2342 ἐῶν
1179 2282 1273 2341 καὶ
1312 2282 1454 2361 ἔχων
1493 2280 1655 2342 ου’δὲν
1691 2286 1805 2344 τῶν
1841 2283 1954 2345 ὅσα.

349 2372 479 2448 περὶ
502 2396 606 2447 την
630 2371 832 2449 τέχνην
859 2370 984 2431 ἐστὶ
1011 2369 1304 2451 ἐργαλήϊα·
1348 2369 1446 2428 καί
1464 2395 1563 2446 μιν
1588 2369 1822 2451 δευτέρῳ
1848 2373 1954 2432 ἔτεϊ

346 2457 625 2519 ταλάντου
662 2461 958 2540 Αἰγινῆται
997 2457 1245 2536 δημοσίῃ
1283 2458 1632 2534 μισθεῦνται·
1683 2459 1856 2538 τρίτῳ
1893 2459 1954 2520 δὲ

350 2546 459 2606 ἔτεϊ
488 2545 835 2620 Ἀθηναῖοι,ε
809 2570 1006 2607 εκατον
1035 2544 1232 2622 μνέων·
1272 2543 1514 2656 τετάρτῳ
1541 2545 1600 2604 δὲ
1627 2545 1737 2605 ἔτεϊ
1764 2551 1950 2607 Πολυ·

349 2632 553 2710 κράτης
591 2633 734 2694 δυῶν
765 2632 1072 2695 ταλάντων.
1147 2658 1290 2693 ουτω
1326 2659 1459 2709 μεν
1471 2630 1706 2693 ἀπίκετο
1747 2638 1803 2697 ἐς
1848 2635 1953 2711 τήν

354 2718 566 2796 Σάμον.
648 2719 742 2779 καὶ
786 2718 901 2780 ἀπὸ
943 2720 1146 2782 τούτου
1189 2724 1292 2782 τοῦ
1315 2792 1319 2801 .
1341 2718 1540 2799 ἀνδρός
1586 2719 1686 2780 οὐκ
1739 2719 1949 2797 ἥκιστα

347 2809 731 2885 Κροτωνιῆται
772 2808 951 2885 ἰητροὶ
998 2806 1391 2886 εὐδοκίμησαν.
1460 2808 1680 2890 ἐγένετο
1721 2808 1835 2889 γὰρ
1878 2809 1952 2871 ὧν

345 2898 512 2954 τοῦτο
548 2893 641 2955 ὅτε
678 2898 889 2971 πρῶτοι
913 2897 1019 2971 μὲν
1044 2900 1432 2973 Κροτωνιῆται
1472 2897 1654 2973 ἰητροὶ
1685 2897 1950 2979 ἐλέγοντο
2022 2932 2025 2935 “

311 3052 317 3059 ἡ
345 2979 452 3040 ἀνά
468 2980 573 3055 τὴν
595 2980 847 3038 Ἑλλάδα
874 2981 1032 3041 εἶναι·
1067 2981 1313 3060 δεύτεροι
1339 2983 1416 3054 δὲ,
1439 2987 1768 3061 Κυρηναῖοι·
1805 2993 1947 3046 κατὰ

341 3066 443 3127 τὸν
476 3065 648 3126 αὐτᾶν
678 3067 737 3124 δὲ
774 3066 980 3144 χρόνον
1018 3069 1114 3126 καὶ
1151 3068 1399 3149 Ἀργεῖοι
1427 3070 1634 3147 ἤκουον
1662 3072 1947 3149 μουσικήν

251 3153 365 3209 132
388 3152 526 3212 εἶναι
558 3151 847 3228 Ἑλλήνων
885 3156 1118 3229 πρῶτοι.
1198 3154 1343 3216 Τότε
1373 3156 1434 3216 δὲ
1459 3156 1493 3217 ὅ
1522 3158 1948 3236 Δημοκήδηςέν

340 3242 495 3297 τοῖσι
535 3236 811 3303 Σούσοισι
851 3240 1214 3316 ἐξιησάμενος
1252 3248 1512 3322 Δαρεῖον,
1553 3246 1709 3308 οἶκόν
1746 3271 1813 3308 τε
1855 3249 1950 3324 με’-
