2184 3517
243 138 540 206 105—109]
885 140 1212 192 ETTEPIIH.
1760 142 1852 195 157

323 224 542 282 Τοῦτον
557 218 625 296 δῆ
639 218 742 281 τᾶν
756 218 1066 302 Αἰγύπτιον
1083 219 1409 297 Σέσωστριν
1426 219 1814 300 ἀναχωρέοντα
1832 222 1946 286 107

241 309 341 368 καὶ
382 308 663 389 ἀνάγοντα
700 308 955 372 πολλοῦς
995 306 1316 385 ἀνθρώπους
1354 312 1466 370 τῶν
1507 309 1704 370 ἐθνέων
1741 313 1853 372 τῶν

237 396 349 460 τὰς
385 397 571 476 χώρας
610 395 1048 475 κατεστρέψατο,
1091 398 1288 478 ἔλεγον
1330 400 1384 456 οῖ
1429 396 1583 473 ἱρέες,
1626 400 1752 458 ε’πεί
1791 424 1853 459 τε

242 486 469 566 ἐγένετο
500 483 970 562 ἀνακομιζόμενος
1001 489 1060 545 ἐν
1089 484 1362 564 Δάφνῃσι
1391 489 1529 565 τῇσι
1561 488 1852 563 Πηλουσί-

239 599 369 651 ῃσι,
398 599 503 634 τον
543 571 825 650 ἀδελφεον
863 577 1067 634 ἑωυτοῦ
1105 577 1183 653 τῷ
1223 574 1490 653 ἐπέτρεψε
1532 575 1854 654 Σέσωστρις

236 660 352 737 τήν
390 661 692 742 Αἴγυπτον,
733 664 932 723 τοῦτον
973 661 1065 721 ἐπὶ
1106 633 1279 732 ξέίνια
1319 660 1491 723 αυτὸν
1531 662 1853 725 καλέσαντα

240 750 340 807 καὶ
374 749 517 828 πρὸς
549 749 697 830 αυτῶ
724 775 857 814 τους
888 750 1108 820 παῖδας,
1145 754 1483 829 περινηῆσαι
1510 752 1707 822 ἔξωθεν
1744 751 1851 829 τήν

239 837 426 915 οἰκίην
453 836 563 916 ὕλῃ
596 837 1013 917 περινηήσαντα
1049 838 1179 898 δὲ’
1144 842 1494 917 υποπρῆσαι·
1533 839 1633 901 τὸν
1673 841 1749 912 δὲ,
1777 867 1851 905 ως

235 925 447 1001 μαθεῖν
487 930 674 996 τοῦτο,
717 925 916 986 αὐτίκα
956 919 1459 1003 συμβουλεύεσθαι
1496 931 1570 1006 τῇ
1608 933 1847 1009 γυναικί·

235 1012 334 1071 καὶ
356 1012 469 1095 γὰρ
498 1014 567 1090 δὴ
595 1014 688 1074 καὶ
710 1013 815 1090 τήν
837 1016 1074 1097 γυναῖκα
1101 1040 1272 1075 αυτον
1297 1013 1417 1091 ἅμα
1441 1014 1700 1096 ἄγεσθαι·
1741 1016 1848 1096 τήν

234 1099 303 1160 δέ
328 1104 381 1161 οἱ
408 1104 866 1180 συμβουλεῦσαι,
894 1129 1005 1164 των
1029 1103 1294 1163 παίδων’
1267 1101 1467 1164 εόντων
1494 1103 1571 1174 ἐξ,
1594 1130 1725 1169 τους
1749 1104 1848 1166 δύο

234 1189 332 1248 ἐπὶ
355 1189 463 1266 τήν
488 1191 672 1268 πυρήν
705 1190 1024 1253 ἐκτείναντα
1061 1194 1394 1273 γεφυρωσαι
1425 1191 1494 1253 τό
1537 1191 1843 1268 καιόμενον,

232 1276 442 1342 αὖτοῦς
501 1277 550 1338 δ’
604 1278 689 1339 ἐπ’
743 1280 960 1340 ἐκείνων
1023 1280 1417 1357 ἐπιβαίνοντας
1480 1279 1845 1351 ἐκσώζεσθαι·

229 1369 413 1425 ταῦτα
438 1370 677 1443 ποιῆσαι
700 1367 801 1428 τὸν
828 1367 1171 1446 Σέσωστριν,
1201 1368 1294 1427 καὶ
1320 1367 1418 1428 δύο
1453 1369 1558 1445 μὲν
1582 1371 1693 1429 τῶν
1717 1369 1845 1428 παί-

230 1452 345 1513 δων
398 1459 743 1532 κατακαῆναι
786 1455 976 1536 τρόπῳ
1027 1455 1277 1536 τοιούτῳ,
1322 1455 1453 1520 τοῦς
1498 1455 1559 1515 δὲ
1609 1457 1845 1521 λοιπούς

206 1539 603 1630 ,ἀποσωθῆναι
629 1543 747 1620 ἅμα
772 1547 849 1624 τῷ
871 1545 1062 1622 πατρί.
1129 1543 1446 1620 Νοστήσας
1471 1544 1531 1604 δὲ
1556 1544 1590 1605 ὅ
1618 1545 1803 1610 Σέσω-
1822 1548 1939 1607 108

229 1654 399 1707 στρις
426 1636 481 1695 ἐς
505 1631 611 1709 τήν
635 1632 924 1714 Αἴγυπτον
960 1632 1053 1692 καὶ
1080 1632 1384 1710 τισάμενος
1418 1632 1518 1695 τὸν
1544 1632 1840 1712 ἀδελφεὰν,

226 1721 310 1796 τῷ
341 1721 451 1795 μὲν
486 1718 667 1801 ὁμίλῳ
692 1720 792 1782 τόν
828 1720 1159 1802 ἐπηγάγετο,
1191 1724 1302 1780 τῶν
1336 1720 1436 1785 τοῖς
1468 1720 1655 1801 χώρας
1687 1747 1841 1783 κατε·

228 1807 542 1885 στρέψατο,
581 1808 759 1888 τούτῳ
798 1810 904 1886 μὲν
954 1808 1088 1872 τάδε
1143 1808 1447 1888 ἐχρήσατο·
1499 1808 1631 1873 τούς
1673 1810 1741 1870 τέ
1785 1812 1839 1870 οἶ

230 1894 445 1965 λίθους,
472 1895 605 1966 τούς,
640 1898 733 1956 ἐπὶ
771 1896 970 1957 τούτου
1009 1900 1111 1957 τοῦ
1150 1897 1430 1973 βασιλέος
1469 1897 1838 1974 κομισθέντας

229 1986 288 2046 ἐς
325 1987 434 2043 τοῦ
458 1982 786 2062 Ἡφαίστου
823 1984 891 2046 τό
933 1982 1072 2061 ἷρὸν,
1106 1983 1297 2050 ἐόντας
1335 1985 1571 2067 μεγάθεΐ
1608 1986 1839 2065 περιμή-

230 2095 377 2142 κεας,
416 2069 574 2133 οὗτοι
611 2071 762 2150 ἦσαν
804 2075 858 2133 οἶ
899 2071 1251 2137 ἑλκύσαντες·
1295 2075 1387 2133 καὶ
1426 2072 1528 2137 τοὶς
1567 2073 1837 2155 διώρυχας

147 2189 150 2195 ¹
225 2157 333 2223 τάς
368 2163 468 2221 νῦν
505 2160 705 2225 ἐούσας
743 2165 802 2221 ἐν
828 2160 1094 2242 Αἰγύπτῳ
1124 2160 1314 2225 πάσας
1350 2158 1503 2222 οὗτοι
1535 2160 1837 2243 ἀναγκαζό-

226 2271 393 2325 μενοι
419 2246 698 2326 ὤρυσσον·
741 2250 959 2309 ἐποίευν
991 2274 1056 2309 τε
1092 2248 1194 2309 οὐκ
1222 2248 1435 2312 ἑκόντες
1459 2250 1746 2330 Αἴγυπτον
1769 2251 1836 2311 τὰ

226 2336 367 2412 πρὶν
418 2340 624 2398 ἐοῦσαν
667 2337 989 2413 ἱππασίμην
1035 2337 1130 2396 καὶ
1181 2336 1599 2414 ἀμαξευομένην
1644 2340 1838 2400 πᾶσαν

228 2423 394 2483 ἐνδεᾶ
415 2423 644 2486 τούτων·
686 2424 799 2486 ἀπὸ
822 2425 935 2507 γὰρ
960 2423 1160 2486 τούτου
1183 2428 1285 2485 τοῦ
1309 2424 1517 2505 χρόνου
1535 2424 1835 2507 Αἴγυπτος,

229 2514 412 2572 ἐοῦσα
457 2512 663 2592 πεδιάςο
683 2516 864 2585 πᾶσα,
908 2511 1148 2578 ἀνιππος
1199 2512 1292 2572 καὶ
1332 2510 1709 2589 ἀναμάξευτος
1746 2514 1836 2594 γέ-

224 2620 382 2681 γονε“
424 2600 597 2661 αἴτιαι
629 2599 689 2661 δὲ
712 2602 922 2674 τούτων
949 2605 1007 2661 αἱ
1033 2598 1294 2681 διώρυχες
1323 2600 1611 2683 γεγόνασι,
1640 2605 1836 2662 ἐοῦσαι

226 2689 450 2748 πολλαὶ
479 2689 571 2748 καὶ
596 2690 892 2754 παντοίους
920 2687 1165 2767 τρόπους
1195 2689 1445 2769 ἔχουσαι.
1530 2690 1836 2770 κατέταμνε

227 2775 290 2836 δὲ
329 2776 497 2837 τοῦδε
540 2777 719 2838 εἵνεκα
764 2777 869 2855 τήν
908 2776 1100 2857 χώρην
1140 2777 1175 2838 ὁ
1216 2776 1514 2854 βασιλεύς·
1555 2778 1686 2840 ὅσοι
1725 2783 1836 2840 τῶν

226 2865 552 2946 Αἰγυπτίων
591 2866 674 2943 μή
718 2867 809 2926 ἐπὶ
851 2870 928 2946 τῷ
969 2868 1203 2946 ποταμῷ
1245 2867 1469 2942 ἔκτηντο
1510 2866 1611 2930 τοὶς
1650 2865 1835 2938 πόλις,

226 2951 365 3014 ἀλλ’
406 2952 739 3031 ἀναμέσους,
783 2979 952 3025 ουτοι,
996 2953 1135 3019 ὅκως
1178 2979 1242 3014 τε
1287 2951 1443 3013 ἀπίοι
1484 2953 1517 3013 ὁ
1561 2953 1832 3030 ποταμὸς,

226 3042 595 3115 σπανίζοντες
645 3041 858 3104 ῦδοίτων
909 3042 1312 3119 πλατυτέροισι
1373 3041 1631 3119 ἐχρέοντο
1681 3043 1837 3102 τοῖσι

226 3129 472 3207 πόμασι,
529 3136 591 3190 ἐκ
650 3130 907 3209 φρεάτων
962 3129 1276 3209 χρεόμενοι·
1345 3128 1554 3188 τούτων
1609 3130 1713 3205 μὲν
1763 3128 1833 3204 δὴ

229 3219 414 3278 εἵνεκα
471 3218 789 3296 κατετμήθη
839 3218 879 3295 ἦ
931 3219 1233 3299 Αἴγυπτος.
1332 3218 1681 3294 Κατανεῖμαι
1731 3215 1792 3276 δὲ
1810 3218 1925 3278 109

223 3306 336 3384 τὴν
386 3307 578 3388 χώρην
620 3308 983 3389 Αἰγυπτίοισι
1031 3303 1218 3365 ἅπασι
1255 3308 1458 3366 τοῦτον
1499 3305 1695 3387 ἔλεγον
1733 3299 1833 3368 τόν
