2184 3517
323 76 421 125 254
941 76 1312 126 ‘HPOAOTo'r
1785 74 1925 138 [ΠΙ.

317 153 567 231 ἀμύσσει
618 153 721 218 τᾶς
771 154 1006 233 μήτρας·
1061 154 1436 233 αὖξανόμενός
1485 180 1550 216 τε
1602 154 1674 230 δή
1724 159 1931 236 πολλῷ

318 245 545 319 μᾶλλον
595 244 900 303 ἐσικνέεται
951 243 1345 325 καταγνάφων·
1418 244 1601 306 πέλας
1649 268 1715 303 τε
1769 243 1835 318 δὴ
1889 243 1931 303 ὅ

317 329 479 393 τόκος
520 332 658 401 ἐστὶ,
697 332 790 389 καὶ
822 331 889 391 τὰ
932 332 1200 409 παράπαν
1238 330 1495 391 λείπεται
1530 330 1736 391 αὐτέων
1774 330 1929 412 ὖγιὲς

227 421 340 478 109
362 417 489 477 οὐδὲ
521 419 597 479 ἔν.
667 419 776 485 ’Ὦς
801 419 862 478 δὲ
893 422 985 478 καὶ
1021 422 1083 488 αἱ,
1118 420 1334 500 ἔχιδναί
1352 444 1417 479 τε
1448 419 1544 477 καὶ
1574 421 1630 477 οἱ
1664 423 1723 478 ἐν
1756 417 1927 494 Ἀρα-

323 507 512 584 βίοισι
561 505 869 585 ὑπόπτεροι
920 507 1097 584 ὄφιες,
1144 512 1194 567 εἰ
1247 507 1498 588 ἐγίνοντο
1544 505 1619 568 ὥς
1661 504 1702 582 ἦ
1749 505 1930 581 φύσις

320 595 542 654 αὐτοῖσι
585 593 840 674 ὑπάρχει,
883 595 984 656 οὐκ
1031 594 1104 656 ἂν
1143 594 1215 672 ἦν
1253 594 1517 672 βιώσιμα
1557 592 1925 670 ἀνθρώποισι·

320 687 418 743 νῦν
444 682 508 753 δ’,
536 683 703 742 ἐπεὰν
730 682 1065 761 θορνύωνται
1094 682 1237 744 κατὰ
1272 682 1485 764 ζεύγεα,
1513 682 1605 741 καὶ
1632 686 1693 742 ἐν
1718 681 1861 761 αὐτῇ
1885 680 1927 761 ᾗ

321 770 355 831 ὅ
391 772 562 848 ἔρσην
595 774 676 848 τῇ
705 770 1009 848 ε’κποιήσει,
1036 771 1370 849 ἀπιευμένου
1408 770 1580 831 αὐτοῦ
1605 769 1709 846 τὴν
1732 770 1927 852 γονήν,

319 858 357 934 ή
393 857 572 934 θήλεα
603 857 839 920 ἅπτεται
870 863 974 937 τῆς
1004 859 1204 938 δειρῆς,
1244 886 1339 919 και
1374 861 1624 935 ἐμφῦσα,
1655 884 1756 917 ουκ
1782 857 1931 918 ἀνίει
1996 872 2001 876 ’

319 947 452 1024 πρὶν
502 944 572 1007 ἂν
624 946 895 1029 διαφάγῃ.
978 975 1011 1008 ο
1033 950 1169 1047 μὲν
1220 947 1290 1024 δὴ
1344 948 1517 1024 ἔρσην
1579 945 1931 1022 ἀποθνήσκει

319 1035 508 1116 τρόπω
537 1039 616 1115 τῶ
651 1036 932 1117 εἰρημένω·
973 1035 1012 1112 ἦ
1033 1013 1106 1096 δὲ
1141 1035 1320 1112 θήλεα
1354 1035 1508 1095 τίσιν
1535 1033 1824 1110 τοιήνδε’
1787 1061 1929 1095 απο-

321 1125 458 1184 τίνει
500 1128 579 1184 τῶ
625 1125 827 1203 ἔρσενι·
892 1128 972 1203 τῶ
1016 1126 1177 1207 γονεῖ
1217 1123 1560 1202 τιμωρέοντα
1605 1123 1687 1183 ἔτι
1740 1127 1801 1183 ἐν
1852 1127 1930 1204 τῇ

319 1213 527 1293 γαστρὶ
553 1211 716 1273 ε’όντα
736 1213 824 1274 “td
853 1214 1019 1274 τέκνα
1050 1212 1287 1274 διεσθίει
1316 1210 1422 1288 τήν
1456 1209 1694 1289 μήτραν,
1722 1211 1929 1287 διαφα-
1982 1268 1993 1281 f

318 1301 494 1381 γόντα
533 1300 594 1359 δὲ
631 1301 736 1376 τὴν
766 1300 933 1378 νηδύν
972 1301 1159 1378 αὐτῆς,
1203 1299 1344 1362 οὕτω
1381 1299 1488 1376 τήν
1524 1299 1745 1359 ἔκδυσιν
1769 1301 1928 1359 ποιέ-

320 1413 456 1448 εται·
499 1391 553 1447 οἱ
584 1388 645 1447 δὲ
684 1386 856 1448 ἄλλοι
888 1388 1063 1466 ὄφιες,
1098 1388 1280 1453 ε’όντες
1311 1386 1616 1465 ἀνθρώπων
1642 1386 1709 1447 οὗ
1749 1386 1928 1464 δηλή-

265 1506 274 1509 ᾼ
315 1502 497 1552 μονες,
544 1477 802 1536 τίκτουσί
840 1504 903 1538 τε
950 1478 1046 1550 ὦοὶ,
1103 1479 1195 1538 καὶ
1248 1478 1554 1537 ἐκλέπουσι
1597 1476 1821 1537 πολλόν
1864 1502 1929 1537 τι

314 1568 509 1643 χρῆμα
559 1568 670 1625 τῶν
719 1567 939 1626 τέκνων.
1023 1570 1082 1626 αἶ
1124 1569 1229 1643 μὲν
1275 1565 1343 1641 δή
1388 1589 1488 1626 νυν
1528 1564 1739 1644 ἔχιδναι
1779 1564 1931 1625 κατὰ

316 1656 508 1713 πᾶσαν
536 1652 642 1728 τὴν
673 1656 781 1734 γῆν
820 1654 951 1713 εἶσί·
994 1657 1049 1713 οἱ
1080 1654 1143 1713 δὲ
1171 1653 1478 1730 ὑπόπτεροι
1510 1653 1691 1716 ἐόντες
1726 1652 1928 1730 ἀθρόοι

317 1741 429 1799 εἰσὶ
471 1746 529 1800 ἐν
559 1745 632 1819 τῇ
669 1740 933 1820 Ἀραβίῃ,
968 1742 1061 1801 καὶ
1101 1741 1318 1821 οὐδαμῇ
1357 1740 1533 1820 ἄλλῃ·
1573 1738 1716 1801 κατὰ
1752 1746 1926 1802 τοῦτο

317 1827 574 1888 δοκέουσι
597 1830 811 1888 πολλοὶ
838 1830 996 1890 εἶναι.

224 1917 339 1978 110
420 1916 533 1978 'rav
582 1920 687 1996 μὲν
738 1917 806 1994 δὴ
859 1918 1179 1996 λιβανωτόν
1239 1922 1440 1985 τοῦτον
1490 1918 1633 1980 οὕτω
1685 1922 1925 1980 κτῶνται

315 2003 595 2083 Ἀράβιοι,
635 2004 741 2082 τήν
782 2007 843 2066 δὲ
881 2009 1084 2084 κασίην
1125 2006 1248 2068 ὦδε·
1290 2007 1456 2068 ἐπεὰν
1498 2006 1927 2083 καταδήσωνται

314 2094 575 2174 βύρσῃσι
602 2096 696 2154 καὶ
736 2095 975 2174 δέρμασι
1010 2095 1249 2156 ἄλλοισι
1283 2101 1399 2156 πᾶν
1427 2095 1495 2156 τό
1526 2099 1693 2173 σῶμα
1729 2095 1822 2154 καὶ
1851 2095 1924 2156 va

314 2182 637 2261 πρόσωπον,
681 2185 834 2260 πλὴν
887 2183 1066 2245 αὐτῶν
1118 2188 1232 2244 τῶν
1283 2183 1614 2261 ὀφθαλμῶν,
1663 2184 1924 2262 ἔρχονται

319 2273 411 2331 ἐπὶ
447 2271 552 2349 τὴν
585 2273 804 2348 κασίην·
861 2272 900 2348 ἦ
943 2271 1003 2331 δὲ
1045 2277 1105 2333 ἐν
1145 2272 1318 2353 λίμνῃ
1351 2270 1552 2349 φύεται
1597 2270 1663 2331 οὗ
1707 2273 1919 2350 βαθέῃ·

316 2362 446 2439 περὶ
498 2362 559 2421 δὲ
608 2361 782 2438 αὖτῆν
836 2361 929 2420 καὶ
973 2365 1033 2420 ἐν
1085 2358 1229 2440 αὐτῇ
1282 2359 1571 2432 αὐλίζεταί
1608 2385 1708 2420 κου
1752 2361 1922 2437 θηρία

317 2449 586 2527 πτερωτοὶ,
625 2454 763 2530 τῇσι
804 2450 1085 2526 νυκτερίσι
1123 2450 1470 2527 προσείκελα
1508 2447 1784 2526 μάλιστα·
1825 2449 1922 2508 καὶ

293 2529 534 2620 τέτριγε
560 2537 754 2598 δεινόν·
797 2539 890 2597 καὶ
917 2544 972 2601 ἐς
1006 2536 1190 2614 οἷλκῆν
1224 2537 1457 2615 ἄλκιμα·
1495 2537 1570 2597 τοὶ
1605 2536 1674 2613 δὴ
1700 2537 1918 2614 ἀπαμυ-

317 2625 582 2701 νομένους
633 2624 746 2684 οἷπὸ
799 2631 909 2686 τῶν
962 2625 1295 2704 ὀφθαλμῶν,
1352 2626 1494 2687 οὕτω
1545 2626 1766 2703 δρέπειν
1814 2624 1921 2702 τὴν

226 2713 335 2771 111
358 2713 573 2787 κασίην.
658 2712 738 2772 Τὸ
771 2713 831 2772 δὲ
862 2712 932 2789 δή
972 2714 1322 2792 κιννάμωμον
1349 2716 1428 2774 ἔτι
1466 2714 1675 2775 τούτων
1702 2714 1921 2789 θωυμα-

318 2798 586 2877 στότερον
628 2801 998 2882 συλλέγουσι·
1056 2802 1188 2862 ὅκου
1239 2805 1343 2879 μὲν
1393 2802 1504 2884 γὰρ
1550 2804 1780 2884 γίνεται,
1825 2802 1922 2861 καὶ

317 2885 439 2961 ἥτις
482 2913 581 2963 μιν
617 2893 694 2967 γῆ
734 2887 774 2964 ἦ
819 2891 1112 2965 τρέφουσά
1159 2897 1298 2961 ἐστι,
1344 2890 1443 2950 οὐκ
1488 2892 1685 2970 ἔχουσι
1725 2893 1920 2951 εἰπεῖν·

318 2973 471 3048 πλὴν
499 2975 600 3043 ὅτι,
617 2974 769 3053 λόγῳ
796 2975 971 3034 οἰκότι
996 2978 1318 3054 χρεώμενοι,
1339 2983 1398 3038 ἐν
1420 2979 1636 3038 τοισῶε
1658 2979 1927 3057 χωρίοισί

318 3061 472 3132 φασί
501 3085 643 3122 τινες
686 3085 821 3118 αυτ-ο
857 3063 1156 3135 φύεσθαι’
1131 3089 1190 3123 εν
1213 3068 1368 3123 τοῖσι
1393 3092 1424 3125 ο
1453 3063 1730 3128 Διόνυσος
1766 3065 1923 3143 ἐτρά-

317 3149 421 3245 φῃ·
464 3144 685 3222 ὄρνιθας
724 3146 784 3204 δὲ
823 3149 1059 3226 λέγουσι
1089 3150 1344 3229 μεγάλας
1378 3152 1604 3228 φορέειν
1636 3154 1817 3212 ταῦτα
1847 3177 1926 3212 τα

317 3224 551 3352 καρφεα,
573 3229 645 3290 τοὶ
670 3230 830 3308 ἡμεῖς
857 3233 970 3293 dm}
990 3237 1257 3295 Φοινίκων
1273 3238 1548 3312 μαθόντες
1567 3238 1926 3316 κιννάμωμον
