2184 3517
289 85 384 133 308
891 85 1258 134 ἮΡΟΔΟΤΟΤ
1756 82 1891 146 [IV.

287 161 522 222 πεύουσι
546 162 677 227 τοῦς
701 161 770 222 ἄν
795 161 961 226 αύτος
986 162 1020 222 ὁ
1053 161 1335 239 βασιλεῦς
1361 161 1618 242 κελεύσῃ,
1646 161 1897 274 α’ργυρω-

288 276 443 325 νητοι
484 250 543 310 δὲ
581 248 679 309 οὔκ
717 251 833 310 εἰσί
863 256 975 325 σφι
1012 249 1389 329 θεράποντες·)
1434 250 1641 310 τούτων
1676 277 1750 309 ων
1784 254 1900 310 τῶν

290 337 553 413 διηκόνων
591 338 757 397 ε’πεαν
792 336 1143 407 ἀποπνίξωσι
1174 336 1535 412 πεντήκοντα,
1565 339 1657 396 καὶ
1691 338 1899 402 ἵππους

288 425 418 487 τούς
463 425 933 488 καλλιστεύοντας
977 423 1338 500 πεντήκοντα,
1387 423 1669 493 ἐξελόντες
1715 424 1900 486 αὐτῶν

288 512 392 587 τὴν
429 513 644 588 κοιλίην
670 513 763 571 καὶ
799 511 1153 591 καθήραντες,
1180 515 1501 595 ἐμπιπλᾶσι
1532 511 1768 592 ἀχύρων,
1802 514 1899 572 καὶ

292 599 699 678 συρράπτουσι·
741 599 942 678 οἶψῖδος
981 599 1042 659 δὲ
1080 598 1260 676 ἥμισυ
1299 599 1392 658 ε’πὶ
1431 598 1530 660 δύο
1570 600 1716 669 ξύλα
1755 601 1898 675 στή-

292 713 492 750 σαντες
526 686 738 761 ὕπτιον,
769 689 862 746 καὶ
895 688 962 748 vd
1001 688 1189 763 ἔτερον
1216 686 1398 762 ἥμισυ
1431 690 1534 762 τῆς
1561 686 1765 763 ἁψῖδος
1806 688 1896 747 ἐπ’

291 775 450 852 ἔτερα
465 773 581 845 δύο,
600 775 1013 850 καταπήξαντες
1030 774 1221 854 τρόπῳ
1238 776 1471 853 τοιούτῳ
1491 774 1688 834 πολλὰ
1699 779 1896 846 ταῦτα,

292 864 480 923 ἔπειτα
518 867 629 923 τῶν
670 863 851 923 ἵππων
891 862 1033 923 κατοὶ
1070 863 1145 923 τοὶ
1182 861 1365 939 μήκεα
1399 861 1543 933 ξύλα
1575 864 1762 941 παχέα
1788 863 1900 923 διε-

291 950 569 1014 λάσαντες
593 951 762 1029 μέχρι
785 955 895 1012 τῶν
920 950 1234 1029 τραχήλων,
1254 948 1674 1027 ἀναβιβάζουσι
1694 950 1901 1016 αύτούς

293 1040 386 1099 ε’πὶ
409 1039 511 1103 τοὶς
535 1038 756 1117 άψῖδας·
796 1042 905 1098 τῶν
930 1039 1006 1108 δὲ,
1036 1041 1097 1097 αἱ
1120 1039 1225 1114 μὲν
1250 1036 1520 1114 πρότεραι
1543 1036 1738 1116 α’ψῖδες
1760 1038 1899 1098 ύπέ-

290 1153 463 1207 χουσι
487 1125 616 1190 τούς
642 1126 821 1203 ὤμους
845 1130 954 1187 τῶν
982 1128 1179 1199 ἵππων,
1197 1128 1259 1185 αἱ
1283 1125 1344 1184 δὲ
1369 1124 1574 1186 ὄπισθε
1591 1126 1746 1203 παραὶ
1764 1126 1899 1191 τοῦς

292 1216 504 1293 μηρούς
548 1216 649 1278 τοῖς
696 1216 977 1297 γαστέρας
1021 1212 1519 1289 ὑπολαμβάνουσι·
1575 1216 1787 1274 σκέλεα
1833 1215 1899 1275 δὲ

293 1303 590 1382 ἀμφότερα
630 1305 1041 1380 κατακρέμαται
1077 1303 1345 1379 μετέωρα·
1391 1302 1658 1381 χαλινούς
1695 1302 1757 1361 δὲ
1800 1304 1899 1363 καὶ

293 1393 505 1470 στόμια
536 1392 886 1469 ἐμβαλόντες
917 1397 974 1455 ἐς
1005 1391 1137 1454 τούς
1168 1391 1386 1459 ἵππους,
1414 1391 1801 1451 κατατείνουσι
1838 1397 1898 1456 ἐς

290 1480 358 1540 vd
393 1479 645 1556 πρόσθεν
680 1479 874 1549 αὐτῶν,
903 1479 996 1539 καὶ
1032 1479 1223 1539 ἔπειτα
1253 1483 1314 1538 ἐκ
1340 1477 1657 1538 πασσάλων
1682 1478 1893 1544 δέουσι,

290 1565 485 1628 τῶνδὲ
510 1567 579 1643 δή
603 1568 903 1642 νεηνίσκων
925 1571 1036 1628 τῶν
1055 1566 1551 1646 ἀποπεπνιγμένων
1567 1570 1679 1626 τῶν
1696 1566 1897 1643 πεντή-

293 1681 463 1716 κοντα
487 1655 582 1714 ἕνα
608 1654 845 1717 ἕκαστον
870 1655 1293 1732 ἀναβιβάζουσι
1320 1655 1412 1713 ε’πὶ
1441 1652 1542 1714 τόν
1575 1653 1759 1728 ἵππον,
1790 1652 1899 1715 ὦδε

295 1742 756 1820 ἀναβιβάζοντες·
825 1742 1016 1803 ἐπεὰν
1044 1746 1240 1821 νεκροῦ
1295 1740 1534 1803 ἑκάστου
1583 1742 1739 1819 παροὶ
1789 1741 1899 1819 τήν

295 1830 540 1891 ἄκανθαν
559 1831 729 1900 ξύλον
749 1830 918 1907 ὄρθὸν
937 1830 1248 1891 διελάσωσι
1271 1830 1443 1909 μέχρι
1458 1832 1561 1890 τοῦ
1583 1830 1895 1908 τραχήλου,
1957 1886 1962 1899 ,

298 1919 541 1979 κάτωθεν
572 1919 631 1978 δὲ
664 1919 922 1999 ὑπερέχει
954 1924 1057 1980 τοῦ
1091 1918 1265 1989 ξύλου
1288 1917 1488 1978 τούτου
1512 1916 1578 1977 τὰ
1606 1922 1661 1980 ἐς
1684 1918 1899 1995 τόρμον

295 2006 612 2116 πηγνύουσι
635 2011 736 2068 τοῦ
764 2009 952 2085 ἑτέρου
978 2007 1151 2077 ξύλου
1173 2010 1276 2067 τοῦ
1301 2005 1391 2064 δια
1415 2008 1517 2065 τοῦ
1544 2005 1736 2065 ἵππου·
1777 2011 1899 2066 ε’πι-

295 2094 608 2172 στήσαντες
659 2095 721 2155 δὲ
772 2094 956 2175 κύκλω
1005 2094 1073 2155 τό
1126 2117 1290 2172 σημα
1341 2093 1542 2199 ἱππέας
1592 2092 1894 2170 τοιούτους,

295 2183 689 2245 ἀπελαύνουσι.

199 2275 276 2333 73
378 2271 538 2333 Οὕτω
557 2275 660 2350 μὲν
678 2299 807 2336 τους
825 2274 1117 2349 βασιλῆας
1137 2268 1436 2331 θάπτουσι·
1461 2294 1593 2333 τους
1609 2268 1668 2329 δὲ
1681 2266 1898 2333 ἄλλους

296 2361 528 2434 Σκύθας,
560 2359 725 2422 ε’πεοῖν
760 2360 1102 2432 ἀποθάνωσι,
1137 2357 1471 2438 περιάγουσι
1507 2360 1562 2417 οἶ
1600 2356 1897 2437 ἀγχοτάτω

296 2449 675 2525 προσήκοντες
694 2449 836 2509 κατὰ
856 2447 985 2512 τοῦς
1011 2449 1215 2524 φίλους
1236 2452 1295 2507 ε’ν
1319 2444 1573 2525 ἁμάξῃσι
1593 2447 1895 2520 κειμένους·

291 2540 402 2597 τῶν
425 2537 485 2595 δὲ
512 2538 747 2601 ἕκαστος
767 2536 1172 2613 ὑποδεκόμενος
1191 2533 1410 2613 εύωχέει
1427 2533 1557 2597 τούς
1575 2534 1890 2610 ἑπομένους,

296 2625 389 2683 καὶ
407 2628 483 2702 τῷ
501 2628 672 2702 νεκρῷ
689 2624 909 2685 πάντων
926 2624 1223 2703 παρατιθεῖ
1239 2628 1348 2682 τῶν
1364 2623 1457 2681 καὶ
1469 2625 1623 2689 τοῖσι
1636 2620 1893 2681 ἄλλοισι·

294 2710 503 2788 ἡμέρας
524 2711 583 2770 δὲ
606 2712 1023 2789 τεσσεράκοντα
1049 2711 1191 2772 οὕτω
1217 2713 1270 2769 οἱ
1291 2710 1498 2770 ἰδιῶται
1517 2709 1891 2788 περιάγονται,

301 2802 488 2859 ἔπειτα
524 2798 846 2860 θάπτονται·
889 2800 1167 2878 θάψαντες
1192 2799 1252 2859 δὲ
1284 2801 1338 2858 οἱ
1366 2797 1577 2863 Σκύθαι
1603 2797 1894 2873 καθαίρον-

295 2912 389 2945 ται
418 2885 605 2963 τρόπῳ
640 2887 849 2964 τοιῷδε·
890 2887 1250 2964 σμησάμενοι
1279 2885 1380 2949 τὰς
1406 2884 1662 2962 κεφαλᾶς
1687 2886 1780 2944 καὶ
1806 2890 1894 2945 ἐκ·

296 2971 653 3046 πλυνάμενοι,
680 2976 904 3033 ποιεῦσι
929 2976 1058 3050 περὶ
1083 2974 1153 3034 τὰ
1180 2978 1348 3051 σῶμα
1372 2972 1520 3033 τάδε·
1551 2972 1717 3032 ε’πεοῖν
1747 2971 1893 3041 ξύλα

295 3057 558 3130 στήσωσι
609 3058 739 3133 τρία
785 3064 841 3121 ε’ς
892 3059 1126 3134 ἄλληλα
1178 3061 1491 3136 κεκλιμένα,
1535 3059 1666 3136 περὶ
1714 3064 1895 3118 ταῦτα

294 3142 496 3203 πίλους
532 3144 786 3217 εἰρινέους
821 3146 1212 3220 περιτείνουσι·
1255 3145 1686 3223 συμφράξαντες
1726 3146 1788 3205 δὲ
1822 3147 1894 3210 ὥς

295 3225 561 3298 μάλιστα,
590 3229 782 3290 λίθους
816 3234 877 3286 ἐκ
907 3231 1082 3305 πυρός
1113 3232 1417 3307 διαφανέας
1441 3232 1805 3308 ἐσβάλλουσι
1838 3238 1895 3297 ἔς
