2184 3517
265 105 556 171 121-124]
965 108 1193 160 mmm.
1810 114 1879 162 63

265 190 625 263 τελευτῆσαι·
655 187 910 265 ἱστόρεόν
932 213 996 248 τε
1024 187 1165 267 ’ὅτεῳ
1195 188 1385 268 τρόπῳ
1414 190 1802 269 περιγένοιτο,
1842 189 1878 250 ὅ

265 275 333 334 δέ
373 280 487 350 σφι
529 276 705 357 ἔλεγε,
749 274 863 351 φιὶς
900 274 1013 353 πρό
1053 280 1156 336 τοῦ
1195 278 1299 351 μὲν
1339 275 1438 353 οῦκ
1481 277 1682 336 εἰδέναι
1722 276 1879 338 ἀλλὰ

184 431 191 436 ,
265 361 650 440 ἡμαρτηκέναι
674 366 964 438 πλεῖστον,
993 361 1113 422 κατ’
1138 363 1268 424 ὁδὸν
1294 364 1355 423 δὲ
1378 364 1660 424 πυθέσθαι
1684 369 1878 425 πᾶσαν

264 448 372 524 τὴν
397 454 600 511 ἐωυτοῦ
622 449 828 526 πάθην·
864 451 1207 512 ἐπίστασθαι
1229 452 1334 528 μὲν
1356 451 1468 531 γάρ
1495 449 1568 514 ὥς
1589 451 1879 527 βουκόλου

262 542 369 597 τοῦ
392 536 736 619 Ἀστυάγεος
769 538 854 615 εἴη
884 542 1032 609 παῖς,
1060 537 1175 598 οἷπό
1203 538 1264 599 δὲ
1286 543 1388 615 τῆς
1415 539 1594 599 κεῖθεν
1620 538 1751 598 ὁδοῦ
1777 538 1878 601 τὸν

263 624 453 687 πάντα
486 625 663 707 λόγον
701 629 813 694 τῷν
849 630 1090 703 πομπῶν
1134 626 1435 687 πυθέσθαι·
1486 630 1783 703 τραφῆναι.
1816 628 1878 688 δὲ

264 713 430 793 &eye
452 712 561 773 ύπό
584 717 687 789 τῆς
709 717 810 773 τοῦ
833 713 1123 789 βουκόλου
1152 712 1429 795 γυναικός·
1456 712 1549 789 ἥῖέ
1574 739 1638 774 τε
1660 714 1878 791 ’ταύτην

263 801 460 861 αἰνέων
491 800 582 861 διαὶ
610 799 836 864 παντός·
876 800 948 877 ἦν
978 802 1044 861 τέ
1069 804 1125 861 οἱ
1151 806 1208 861 ἐν
1231 805 1308 880 uf
1334 801 1489 882 λόγῳ
1518 800 1592 862 τοὶ
1620 801 1805 863 πάντα
1837 802 1877 879 ἦ

264 886 455 948 Κυνώ.
537 891 592 948 οἱ
617 888 677 948 δὲ
693 888 882 951 τοκέες
903 888 1339 966 παραλαβόντες
1362 888 1430 950 τό
1456 888 1666 966 οὕνομα
1690 894 1875 962 τοῦτο,

265 974 360 1035 ἵνα
392 976 677 1052 θειοτέρως
711 976 876 1055 δοκέῃ
906 980 1061 1037 τοῖσι
1094 978 1365 1055 Πέρσῃσι
1396 978 1672 1054 περιεῖναί
1698 984 1812 1054 σφι
1842 977 1876 1039 ὅ
1946 993 1968 1026 “³

260 1065 416 1135 παῖς,
457 1064 778 1139 κατέβαλον
820 1063 992 1140 φάτιν
1033 1064 1108 1128 ὥς
1150 1065 1461 1141 ἐκκείμενον
1501 1069 1692 1142 Κῦρον
1734 1064 1875 1126 κύων

262 1150 549 1229 ἐξέθρεψε.
630 1153 880 1213 ἐνθεῦτεν
901 1155 1006 1229 μὲν
1029 1151 1067 1228 ἦ
1095 1151 1263 1228 φάτις
1288 1150 1427 1228 αὕτη
1454 1151 1752 1230 κεχώρηκε.

346 1238 532 1319 Κύρῳ.
555 1240 616 1299 δὲ
655 1238 1001 1319 ἀνδρευμένῳ
1040 1241 1135 1299 καὶ
1175 1238 1320 1299 ἐόντι
1353 1243 1465 1299 τῶν
1496 1238 1705 1314 ἡλίκων
1741 1238 1833 1300 αἶν-
1856 1241 1969 1301 123

259 1325 562 1406 δρειοτάτῳ
595 1328 688 1386 καὶ
718 1325 1203 1405 προσφιλεστάτῳ
1236 1326 1570 1403 προσέκειτο
1602 1325 1634 1386 ὁ
1657 1326 1875 1404 Ἀρπα-

257 1439 364 1495 γος
404 1414 554 1493 δῶρα
592 1416 843 1493 πέμπων,
876 1416 1154 1476 τίσασθαι
1183 1413 1504 1495 Ἀστυάγεα
1545 1415 1872 1493 ἐπιθυμέων.

258 1500 361 1561 ἀπ’
387 1505 590 1563 ἑωυτοῦ
614 1502 745 1584 γὰρ,
767 1502 953 1567 ἐόντος
986 1501 1224 1573 ἰδιώτεω,
1252 1500 1353 1562 οὐκ
1380 1500 1583 1579 ἐνεώρα
1606 1505 1873 1581 τιμωρίην

261 1591 540 1668 ἐσομένην
580 1597 637 1655 ἐς
666 1589 1002 1673 Ἀστυάγεα·
1045 1594 1239 1667 Κῦρον
1278 1590 1339 1649 δὲ
1377 1588 1549 1667 ὁρέων
1581 1590 1874 1668 ἐπιτρεφό-

256 1702 432 1754 μενον
452 1679 698 1739 ἐποιέετο
723 1678 1044 1759 σύμμαχον,
1063 1677 1165 1740 τὰς
1188 1678 1374 1741 πάθας
1396 1677 1496 1742 τοὶς
1522 1677 1714 1756 Κύρου
1737 1685 1875 1759 τῇσι

258 1767 467 1826 ἑωυτοῦ
523 1765 901 1844 ὁμοιούμενος.
988 1765 1100 1843 πρό
1152 1764 1200 1825 δ’
1252 1767 1334 1826 ἔτι
1382 1765 1583 1827 τούτου
1633 1766 1766 1827 τάδε
1817 1771 1873 1828 οἶ

257 1854 633 1936 κατέργαστο·
676 1855 862 1919 ἐόντος
898 1858 999 1915 τοῦ
1031 1853 1377 1936 Ἀστυάγεος
1415 1858 1617 1932 πικροῦ
1654 1860 1709 1918 ἐς
1740 1854 1872 1919 τοῦς

256 1940 511 2017 Μήδους,
557 1944 894 2024 συμμίσγων
946 1943 1024 2002 ἐνὶ
1077 1941 1292 2021 ἑκάστῳ
1344 1941 1377 2003 ὁ
1418 1942 1711 2024 Ἅρπαγος
1757 1948 1870 2005 τῶν

254 2028 493 2107 πρώτων
537 2029 763 2106 Μήδων,
811 2030 1066 2092 ἀνέπειθε
1112 2029 1184 2093 ὦς
1226 2029 1339 2108 χρὴ
1385 2034 1578 2108 Κῦρον
1621 2056 1869 2109 προστη-

255 2119 539 2196 σαμένους
593 2118 694 2179 τὸν
740 2118 1060 2200 Ἀστυάγεα
1117 2123 1335 2179 παῦσαι
1383 2123 1485 2194 τῆς
1534 2119 1866 2196 βασιληίης.

255 2206 738 2288 κατειργασμένου
789 2207 852 2267 δέ
902 2210 957 2268 οἱ
1004 2205 1205 2268 τούτου
1254 2206 1347 2266 καὶ
1394 2205 1578 2269 ἐόντος
1627 2208 1865 2283 ἑτοίμου,

254 2294 404 2354 οὕτω
443 2294 514 2370 δή
553 2298 631 2374 τῷ
670 2294 839 2374 Κύρῳ
878 2295 1211 2374 διαιτωμένῳ
1252 2299 1310 2353 ἐν
1349 2294 1618 2371 Πέρσῃσι
1654 2293 1865 2369 βουλό-

250 2407 424 2458 μενος
482 2381 515 2442 ὅ
554 2381 848 2464 Ἀρπαγος
904 2383 1161 2459 δηλῶσαι
1212 2380 1319 2457 τήν
1371 2385 1573 2440 ἑωυτοῦ
1621 2380 1864 2461 γνώμην,

250 2468 448 2533 ἄλλως
485 2472 590 2548 μὲν
629 2469 882 2548 οὐδαμῶς
922 2471 1053 2549 εἶχε,
1095 2470 1194 2531 ἅτε
1231 2473 1342 2530 τῶν
1381 2468 1522 2530 ὁδῶν
1564 2473 1863 2545 φυλασσο-

248 2559 452 2635 μένων,
483 2558 515 2618 ὄ
554 2559 614 2619 δὲ
650 2563 1003 2638 ἐπιτεχνᾶται
1039 2558 1273 2620 τοιόνδε·
1313 2556 1495 2638 λαγόν
1533 2557 1863 2636 μηχανησά-

247 2671 438 2724 μενος,
465 2646 559 2705 καὶ
580 2645 902 2724 ἀνασχίσας
930 2645 1131 2707 τούτου
1160 2646 1265 2723 τὴν
1296 2646 1548 2727 γαστέρα
1580 2647 1672 2706 καὶ
1705 2645 1861 2708 οὐδὲν

248 2733 547 2805 ἀποτίλας,
576 2733 647 2799 ὦς
672 2735 733 2794 δὲ
760 2735 893 2813 εἶχε,
921 2734 1061 2795 οὕτω
1095 2735 1328 2810 ἐσέθηκε
1352 2735 1610 2812 βιβλίον,
1636 2734 1861 2815 γράψας

244 2821 322 2882 τά
355 2825 411 2883 οἱ
442 2821 645 2883 ἐδόκεε·
687 2820 1019 2901 ἀπορράψας
1046 2822 1107 2881 δὲ
1130 2827 1230 2882 τοῦ
1255 2826 1438 2904 λαγοῦ
1462 2822 1565 2898 τὴν
1589 2823 1856 2903 γαστέρα,

246 2911 344 2970 καὶ
370 2910 566 2971 δίκτυα
599 2910 725 2974 δοῦς
755 2909 855 2972 ἅτε
887 2912 1126 2990 θηρευτῇ
1148 2915 1259 2971 τῶν
1285 2911 1535 2971 οἰκετέων
1558 2915 1634 2987 “f
1658 2933 1855 2968 πιστο-

242 2998 412 3078 τάτῳ,
436 2998 739 3060 ἀπέστειλε
759 3004 815 3063 ἐς
832 2997 961 3062 τούς
979 3000 1231 3076 Πέρσας·
1258 2996 1638 3074 ἐντειλάμενός
1663 2997 1718 3053 οἶ
1742 2994 1855 3055 ‹in-<3

242 3086 540 3168 γλώσσης,
578 3087 801 3150 διδόντα
836 3085 935 3147 τᾶν
970 3084 1150 3167 λαγὸν
1190 3083 1358 3162 Κύρῳ
1399 3086 1658 3153 ἐπειπεῖν,
1692 3081 1852 3141 αύτο-

243 3176 432 3254 χειρΐῃ
476 3201 576 3253 μιν
628 3175 850 3246 διελεῖν,
899 3173 992 3233 καὶ
1035 3172 1249 3249 μηδένα
1293 3174 1347 3229 οἱ
1389 3174 1565 3229 ταῦτα
1608 3174 1855 3231 ποιεῦντι

242 3267 527 3340 παρεῖναι.
605 3262 799 3324 Ταῦτά
829 3286 893 3322 τε
917 3259 987 3338 δὴ
1012 3259 1087 3321 ὧν
1113 3257 1371 3319 ἐπιτελέα
1401 3258 1627 3339 ἐγίνετο,
1655 3258 1748 3317 καὶ
1777 3257 1810 3318 ὁ
1830 3258 1948 3317 124
