2184 3517
354 98 449 144 120
947 97 1316 146 ΗΡοΔοτοτ
1852 96 1956 160 [11.

355 173 551 250 ὦρέων,
579 174 671 233 καὶ
693 178 796 235 τοῦ
822 173 1057 252 ουρανοῦ
1090 179 1165 252 τῇ
1200 176 1305 253 μὲν
1328 178 1428 236 νῦν
1456 173 1491 235 ὅ
1522 175 1734 252 βορέης
1767 200 1833 236 τε
1859 176 1957 238 καὶ

357 260 391 321 ὁ
416 287 625 340 χειμων
667 265 871 322 ἑστᾶσι
907 261 1082 341 ταύτῃ
1115 264 1217 338 μὲν
1247 267 1349 322 τοῦ
1384 261 1548 322 νότου
1577 260 1646 337 ἦν
1676 262 1714 337 ἦ
1746 263 1957 329 στάσις

353 350 446 408 καὶ
468 352 569 424 τῆς
594 350 973 426 μεσαμβρίης,
998 354 1070 428 τῇ
1097 349 1216 409 δὲε
1183 376 1215 409 ο
1244 350 1404 412 νότος
1430 353 1526 409 νῦν
1553 350 1752 425 ἔστηκε
1775 354 1957 431 ταῦτῃ

352 435 422 512 δὴ
447 435 480 496 ὁ
504 438 730 513 βορέης,
761 441 809 495 εἰ
831 440 1009 497 ταῦτα
1035 436 1178 497 οὕτω
1207 437 1338 516 εἶχε,
1366 436 1400 497 ὁ
1425 436 1587 512 ἥλιος
1613 436 1683 496 ἂν
1707 437 1956 499 ἀπελαυ-

351 523 578 600 νόμενος
605 528 665 582 ἐκ
692 524 873 601 μέσου
897 528 998 584 τοῦ
1033 524 1271 602 οὐρανοῦ
1295 524 1406 584 akr&
1435 528 1536 584 τοῦ
1561 528 1834 605 χειμῶνος
1857 528 1956 587 καὶ

349 616 450 672 τοῦ
474 612 662 688 βορέω
686 610 773 688 ἤϊε
797 609 866 671 ἂν
889 611 962 672 rot
994 610 1106 672 ἅνω
1135 613 1236 690 τῆς
1267 611 1553 689 Εὐρώπης,
1581 611 1826 690 κατάπερ
1852 618 1956 675 νῦν

349 703 451 774 τῆς
476 698 698 775 Λιβύης
730 700 965 778 ἔρχεται·
1008 699 1281 770 διεξιόντα
1316 699 1363 759 δ’
1401 698 1470 760 ἄν
1498 725 1597 778 μιν
1630 699 1723 759 διαὶ
1759 701 1954 778 πάσης

348 786 632 863 Εὐρώπης,
656 788 900 863 ἔλπομαι
925 788 1134 848 ποιέειν
1159 786 1228 847 ἃν
1253 788 1352 849 τόν
1366 786 1598 864 Ἴστρον
1622 788 1827 867 τάπερ
1851 794 1953 851 νῦν

253 873 329 935 27
350 873 634 955 ἐργάζεται
664 873 764 935 τᾶν
797 879 1028 936 Νεῖλον.
1110 879 1223 953 Τῆς
1249 874 1417 952 αὔρης
1452 876 1512 935 δὲ
1541 877 1686 952 πέρι,
1724 875 1813 937 ὅτι
1848 877 1951 938 οὔκ

346 961 626 1036 ἀποπνέει,
654 962 818 1039 τήνδε
855 964 962 1042 ἔχω
995 963 1239 1045 γνώμην,
1268 963 1340 1027 ὥς
1370 963 1546 1041 κάρτα
1581 962 1693 1024 ἀπὸ
1731 965 1953 1044 θερμῶν

346 1052 567 1129 χωρέων
593 1050 692 1111 οὐκ
718 1050 867 1115 οἰκός
894 1057 1018 1112 ἐστι
1045 1051 1204 1112 οὐδὲν
1229 1050 1542 1112 ἀποπνέειν·
1580 1050 1721 1129 αὔρη
1748 1053 1807 1112 δὲ
1832 1052 1950 1116 ‹in-6

311 1212 328 1221 ἡ
347 1143 565 1218 ψυχροῦ
589 1165 738 1203 τινος
765 1140 952 1215 φιλέει
976 1140 1179 1201 πνέειν.

250 1227 328 1285 28
427 1231 615 1288 Ταῦτα
667 1228 772 1306 μέν
801 1252 920 1288 ’νυν
960 1230 1106 1288 ἔστω
1145 1226 1218 1292 ὥς
1259 1229 1381 1289 ἔστι
1418 1253 1482 1289 τε
1521 1228 1615 1286 καὶ
1655 1226 1726 1292 ὥς
1767 1227 1951 1308 ἀρχὴν

349 1315 584 1395 ἐγένετο.
664 1320 766 1376 τοῦ
804 1316 863 1374 δὲ
894 1317 1109 1375 ΝειἌου
1139 1314 1240 1379 τὰς
1269 1315 1453 1397 πηγὰς
1480 1315 1603 1376 οὔτε
1632 1319 1952 1397 Αἰγυπτίων

347 1402 471 1462 οὔτε
499 1402 730 1479 Λιβύων
757 1403 882 1462 οὔτε
906 1402 1198 1479 Ἑλλήνων
1223 1407 1334 1464 τῶν
1366 1404 1490 1480 ἐμοὶ
1520 1401 1868 1479 ἀπικομένων
1893 1410 1951 1470 ἐς

341 1488 548 1571 λόγους
573 1489 749 1553 οὐδεὶς
773 1489 1056 1569 ὖπέσχετο
1083 1492 1298 1561 εἰδέναι,
1327 1494 1376 1550 εἰ
1400 1492 1481 1568 μή
1510 1496 1569 1551 ἐν
1594 1491 1859 1572 Αἰγύπτῳ
1886 1498 1947 1554 ἐν

345 1575 451 1641 Σάῖ
486 1578 624 1637 πόλι
664 1576 697 1636 ὁ
731 1578 1164 1658 γραμματιστής
1199 1583 1310 1639 τῶν
1347 1582 1478 1655 ἱρῶν
1508 1579 1810 1658 χρημάτων
1842 1585 1948 1658 τῆς

341 1663 656 1741 Ἀθηναίης·
699 1663 861 1728 οὗτος
898 1664 943 1723 δ’
979 1667 1108 1743 ἐμοί
1133 1692 1200 1746 γε
1230 1668 1445 1738 παίζειν
1486 1666 1668 1727 ἐδόκεε
1694 1666 1947 1744 φάμενος

343 1752 542 1812 εἰδέναι
566 1753 850 1830 ἀτρεκέως.
927 1754 1085 1834 ἔλεγε
1113 1754 1173 1813 δὲ
1199 1752 1321 1814 ὦδε·
1364 1754 1547 1816 “εἶναι
1572 1754 1670 1814 δύο
1696 1753 1860 1833 οὔρεα
1887 1762 1945 1822 ἐς

338 1840 437 1910 ὄξ-ι)
461 1841 561 1904 τὰς
588 1840 834 1918 κορυφὰς
860 1840 1157 1923 ἀπιγμένα,
1183 1842 1392 1918 μεταξὺ
1414 1841 1629 1919 Συήνης
1652 1869 1715 1904 τε
1739 1843 1945 1910 πόλιος

341 1931 563 2006 κείμενα
600 1933 702 2005 τῆς
742 1930 1025 2006 Θηβαΐδος
1066 1931 1160 1989 καὶ
1192 1929 1613 2007 Ἐλεφαντίνης·
1656 1930 1943 2009 οὐνόματα

339 2017 400 2078 δὲ
433 2017 571 2078 εἶναι
609 2021 764 2079 τοῖσι
803 2016 1012 2095 οὔρεσι,
1039 2017 1117 2097 τῷ
1156 2019 1260 2096 μὲν
1290 2023 1497 2096 Κρῶφι
1535 2022 1612 2097 τῷ
1652 2019 1711 2078 δὲ
1736 2024 1939 2097 Μῶφι·

332 2105 432 2169 τοὶς
460 2105 533 2165 ὧν
568 2105 638 2183 δὴ
680 2106 864 2186 πηγὰς
893 2109 995 2167 τοῦ
1030 2108 1265 2177 Νείλου,
1299 2105 1501 2171 ἐούσας
1531 2106 1846 2183 ἀβύσσους,
1875 2114 1941 2170 ἐκ

333 2198 434 2254 τοῦ
485 2195 666 2271 μέσου
716 2198 827 2255 τῶν
867 2192 1069 2272 οὐρέων
1108 2193 1316 2255 τούτων
1355 2197 1518 2272 ῥέειν·
1588 2196 1680 2254 καὶ
1724 2193 1792 2256 τὰ
1832 2199 1941 2273 μὲν

334 2281 512 2357 ἥμισυ
534 2286 635 2344 τοῦ
654 2282 851 2346 ὕδατος
872 2281 956 2342 ἐπ’
972 2282 1260 2363 Αἰγύπτου
1275 2283 1421 2359 ῥέειν
1447 2283 1539 2342 καὶ
1564 2282 1704 2359 πρὸς
1722 2285 1940 2361 βορέην

336 2369 555 2448 ἄνεμον,
596 2370 663 2432 τό
705 2371 752 2431 δ’
794 2372 980 2448 ἔτερον
1030 2370 1226 2448 ἥμισυ,
1270 2372 1363 2430 ἐπὶ
1403 2372 1698 2447 Αἰθιοπίης
1735 2396 1799 2432 τε
1843 2374 1940 2434 καὶ

334 2458 517 2521 νότου·
559 2459 630 2523 ὥς
669 2460 729 2519 δὲ
768 2458 1029 2535 ἅβυσσοί
1065 2464 1178 2520 εἰσι
1218 2462 1277 2520 αἱ
1314 2460 1510 2541 πηγαὶ,
1551 2464 1607 2523 ἐς
1647 2459 1939 2539 διάπειραν

337 2548 447 2623 ἔφη
486 2548 686 2608 τούτου
725 2548 1081 2626 Ψαμμίτιχον
1123 2547 1409 2629 Αἰγύπτου
1447 2549 1705 2624 βασιλέα
1744 2547 1939 2609 ἀπικέ-

332 2635 487 2695 σθαι·
528 2634 787 2694 πολλέων
812 2634 923 2715 γάρ
949 2633 1120 2696 αὖτόν
1144 2633 1414 2714 χιλιάδων
1438 2635 1701 2717 ὀργυιέων
1727 2636 1935 2706 πλεξά-

336 2747 504 2797 μενον
544 2721 719 2782 κάλον
759 2725 1002 2782 κατεῖναι
1037 2721 1231 2802 ταύτῃ,
1282 2724 1389 2783 καὶ4
1415 2722 1516 2784 οὐκ
1556 2724 1839 2794 ἐξικέσθαι
1879 2729 1939 2789 ἐς

333 2808 615 2888 βυσσόν.”
694 2808 835 2871 οὕτω
880 2812 984 2886 μὲν
1036 2810 1106 2887 δή
1146 2810 1178 2871 ὁ
1219 2811 1666 2891 γραμματιστὴς,
1711 2812 1783 2891 (εἰ
1822 2811 1937 2889 ἄρα.

330 2902 505 2960 ταῦτα
528 2897 799 2980 γενόμενα
835 2898 1034 2979 ἔλεγε,)
1061 2897 1353 2974 ἀπέφαινε,
1382 2898 1454 2962 οἷς
1486 2901 1584 2976 ἐμὲ
1619 2900 1939 2962 κατανοέειν

325 2986 476 3050 δίνας
511 2984 666 3049 τινάς
703 2985 876 3065 ταύτῃ
916 2985 1119 3051 ἐούσας
1160 2987 1396 3065 ἰσχυροῖς
1435 2987 1529 3046 καὶ
1567 2988 1932 3067 παλιρροίην·

324 3074 416 3134 οἵα
467 3074 528 3133 δὲ
569 3073 960 3151 ἐμβάλλοντος
1010 3079 1112 3135 τοῦ
1163 3073 1361 3138 υδατος
1411 3078 1567 3136 τοῖσι
1611 3074 1805 3152 οὔρεσι
1846 3083 1936 3153 μή

322 3160 596 3221 δύνασθαι
664 3162 987 3238 κατιεμένην
1040 3164 1540 3240 καταπειρητηρίην
1593 3168 1647 3227 ἐς
1697 3165 1938 3238 βυσσον

233 3247 347 3306 29’
330 3247 483 3306 ιέναι.
551 3247 777 3308 Ἀλλου
802 3249 863 3308 δὲ
889 3248 1107 3313 ουδενος
1143 3248 1300 3311 ουδὲν
1331 3250 1604 3324 ἐδυνάμην
1628 3252 1895 3314 πυθέσθσ,
