2184 3517
393 100 490 151 122
986 100 1359 153 ἨΡΟΔΟΤΟΤ
1893 97 2001 166 [Π.

391 181 649 259 βασιλέῖ.
729 180 1062 260 ἀπέστησαν
1097 183 1160 243 δὲ
1195 180 1358 243 αὗται
1392 181 1660 261 τέσσερες
1687 181 1779 241 καὶ
1814 181 2005 243 εἴκοσι

392 269 653 347 μυριάδες
686 272 1001 383 Αἰγυπτίων
1035 297 1147 332 των
1181 270 1442 349 μαχίμων
1470 275 1526 334 ἐς
1559 296 1689 335 τους
1723 270 2007 334 Αἰθίοπας

388 358 634 429 τούτους,
658 358 726 419 δι’
753 361 933 435 αἰτίην
957 358 1193 435 τοιήνδε·
1224 364 1314 418 ἐπι
1294 359 1691 437 Ψαμμιτίχου
1715 359 2005 434 βασιλέος

395 448 646 522 φυλακαὶ
687 448 1041 508 κατέστασαν
1076 448 1134 507 ἔν
1167 472 1231 507 τε
1262 445 1643 525 Ἐλεφαντίνῃ
1679 444 1819 505 πόλι
1851 445 2002 523 πρός

394 535 691 606 Αἰθιόπων,
720 536 813 594 καὶ
854 539 911 595 ἐν
940 534 1214 614 Δάφνῃσι
1252 538 1389 612 τῇσι
1416 534 1786 613 Πηλουσίῃσι
1813 532 2003 616 [ἄλλη

394 621 479 703 δὲ]
530 622 672 700 πρός
716 622 999 700 Ἀραβίων
1042 648 1109 683 τε
1156 622 1248 681 καί
1292 621 1498 699 Σύρων,
1548 622 1641 681 καὶ
1689 627 1747 681 ἐν
1795 623 2003 702 Μαρέῃ

393 711 535 788 πρὸς
565 711 786 788 Λιβύης
811 711 991 787 ἄλλη.
1074 712 1155 770 ἔτι
1194 711 1256 770 δὲ
1295 709 1382 769 ἐπ’
1422 713 1555 787 ἐμεῦ
1594 710 1688 769 καὶ
1729 710 2004 787 Περσέων

399 799 542 859 κατοὶ
566 798 741 859 ταῦτά
769 802 828 859 αἰ
855 798 1108 875 φυλακαὶ
1134 799 1347 877 ἔχουσι,
1375 797 1447 862 ὥς
1473 798 1566 857 καὶ
1601 798 1694 857 ἐπὶ
1718 798 2004 875 Ψαμμιτί-

393 911 502 965 χου
527 884 694 963 ἦσαν·
737 888 831 947 καὶ
864 888 974 968 γάρ
1003 892 1061 947 ἐν
1095 886 1472 965 Ἐλεφαντίνῃ
1504 886 1729 963 Πέρσαι
1760 886 2001 964 φρουρέ-

394 999 540 1045 ουσι,
568 975 661 1035 καὶ
688 980 748 1036 ἐν
775 974 1065 1056 Δάφνῃσι.
1147 974 1279 1040 τούς
1305 973 1381 1033 ὧν
1408 975 1477 1050 δή
1503 975 1844 1056 Αἰγυπτίους
1867 975 2002 1051 τρία

396 1063 519 1123 ἔτεα
552 1064 982 1142 φρουρτ’σαντας
1023 1063 1233 1123 ἀπέλυε
1274 1062 1450 1126 οὐδεὶς
1489 1066 1591 1139 τῆς
1631 1066 1902 1140 φρουρῆς·
1945 1066 2002 1123 οἶ

398 1151 461 1211 δὲ
526 1153 981 1230 βουλευσάμενοι
1047 1152 1141 1211 καὶ
1208 1155 1370 1230 κοινῷ
1420 1150 1574 1233 λόγῳ
1627 1151 1999 1231 χρησάμενοι,

394 1239 596 1304 πάντες
646 1240 760 1301 ἀπὸ
802 1245 902 1301 τοῦ
942 1240 1303 1318 Ψαμμιτίχου
1344 1239 1691 1303 ἀποστάντες
1729 1237 1903 1315 ἤϊσαν
1943 1244 2002 1304 ἐς

397 1329 713 1404 Αἰθιοπίην·
769 1329 1126 1407 Ψαμμίτιχος
1151 1328 1212 1387 δὲ
1236 1327 1546 1404 πυθόμενος
1578 1327 1782 1387 ἐδίωκε·
1841 1326 1915 1392 ὥς
1939 1327 2002 1388 δὲ

396 1417 697 1492 κατέλαβε,
748 1416 929 1475 ἐδέετο
980 1416 1177 1477 πολλά
1222 1416 1419 1496 λέγων,
1468 1416 1566 1475 καί
1606 1422 1791 1528 σφεας
1839 1416 2002 1481 θεους

394 1528 680 1583 πατρῳους
706 1502 1007 1587 ἀπολιπεῖν
1033 1503 1134 1564 οὐκ
1160 1505 1238 1574 ἔα,
1268 1504 1360 1562 καὶ
1383 1504 1566 1574 τέκνα,
1595 1504 1688 1563 καὶ
1711 1506 1999 1584 γυναῖκας·

394 1594 507 1651 τῶν
534 1592 596 1651 δέ
617 1617 740 1652 τινα
767 1592 994 1673 λέγεται
1017 1591 1274 1662 δείξαντα
1297 1617 1365 1652 το
1394 1592 1603 1652 αἰδοῖον
1629 1594 1802 1651 εἰπεῖν
1823 1592 2001 1652 ’(ἐνθα

319 1740 324 1749 ,
398 1677 467 1740 ἂν
488 1683 656 1740 τοῦτο
689 1677 746 1759 ᾗ,
790 1680 1024 1741 ἔσεσθαι
1060 1679 1283 1740 αὐτοῖσι
1317 1681 1552 1741 ἐνθαυτα
1584 1679 1674 1739 καὶ
1703 1680 1869 1740 τέκνα
1905 1680 2001 1740 καὶ

394 1768 707 1850 γυναῖκας.”
787 1766 943 1829 οὗτοι
981 1769 1107 1829 ἐπεί
1151 1794 1215 1829 τε
1266 1774 1322 1833 ἐς
1360 1770 1658 1845 Αἰθιοπίην
1710 1767 1999 1840 ἀπίκοντο,

317 1864 324 1873 ’
394 1856 611 1917 διδοῦσι
651 1857 836 1933 σφέας
876 1856 1076 1922 αὐτοῦς
1113 1861 1192 1936 τῷ
1231 1855 1513 1918 Αἰθιόπων
1551 1858 1813 1934 βασιλέῖ·
1859 1857 1896 1917 ὁ
1936 1857 2005 1918 δέ

396 1951 581 2022 σφεας
622 1946 759 2026 τῷδε
804 1944 1203 2023 ἀντιδωρέεται·
1264 1944 1415 2022 ἦσάν
1458 1948 1512 2006 οἳ
1551 1944 1817 2023 διάφοροί
1850 1970 2001 2010 τινες

391 2034 684 2116 γεγονότες
713 2039 824 2096 τῶν
848 2033 1150 2096 Αἰθιόπων·
1189 2032 1418 2097 τούτους
1448 2034 1668 2094 ἐκέλευε
1703 2032 2001 2104 ἐξελόντας

391 2123 499 2199 τήν
523 2124 739 2185 ἐκείνων
761 2128 871 2206 γῆν
898 2124 1111 2184 οἰκέειν·
1150 2147 1361 2183 τουτων
1389 2121 1451 2181 δὲ
1487 2122 1970 2183 ἐσοικισθέντων’
1941 2147 2001 2186 ες

392 2212 524 2277 τούς
548 2214 838 2283 Αἰθίοπας,
870 2210 1211 2290 ἡμερώτεροι
1238 2210 1512 2293 γεγόνασι
1543 2210 1825 2281 Αἰθίοπες,
1852 2208 2001 2287 ἤθεα
2072 2240 2077 2253 ·
2152 2242 2153 2249 ’

355 2372 360 2377 ἱ
390 2301 666 2389 μαθόντες
691 2301 989 2384 Αἰγύπτιαζ

298 2392 371 2450 31
472 2393 664 2471 Μέχρι
694 2392 800 2469 μέν
835 2417 933 2452 νυν
963 2389 1251 2466 τεσσέρων
1285 2414 1474 2466 μηνων
1507 2326 1692 2448 πλόου
1729 2387 1823 2447 καὶ
1858 2386 2000 2449 ὁδοῦ

390 2478 726 2559 γινώσκεται
756 2479 790 2539 ὅ
821 2482 1047 2549 Νεῖλος,
1074 2477 1256 2555 πάρεξ
1284 2481 1386 2538 τοῦ
1418 2482 1478 2538 ἐν
1503 2476 1766 2558 Αἰγύπτῳ
1792 2475 2001 2554 ῥευμα-

388 2591 504 2628 τος·
532 2566 821 2646 (τοσοῦτοι
838 2565 951 2648 γάρ
973 2567 1434 2646 συμβαλλομένῳ
1453 2570 1626 2643 μῆνες
1643 2565 2002 2643 εὖρίσκονται

390 2649 847 2731 ἀναισιμούμενοι
879 2656 942 2725 ἐξ
970 2654 1375 2732 Ἐλεφαντίνης
1405 2654 1757 2733 πορευομένῳ
1784 2657 1841 2716 ἐς
1863 2652 2002 2717 τοῦς

390 2737 754 2817 Αὕτομόλους
790 2742 1064 2824 τούτους·)
1106 2743 1218 2820 ῥέει
1258 2743 1318 2803 δὲ
1358 2742 1472 2803 ἀπό
1514 2742 1754 2820 ἑσπέρης
1793 2765 1860 2801 τε
1902 2743 2001 2800 καὶ

392 2827 560 2905 ἡλίου
585 2828 859 2908 δυσμέων.
912 2830 980 2892 τό
1009 2831 1069 2890 δὲ
1096 2830 1209 2891 ἀπό
1228 2830 1407 2900 τοῦδε,
1432 2829 1610 2894 οὐδεὶς
1630 2831 1743 2909 ἔχει
1763 2830 2002 2905 σαφέως

391 2915 629 2993 φράσαι·
657 2922 861 2996 ἐρῆμος
878 2917 988 2999 γάρ
1010 2923 1135 2979 ἐστι
1154 2918 1193 2994 ἦ
1216 2917 1372 2997 χώρη
1393 2916 1535 2994 αὕτη
1559 2916 1669 2977 ὖπὸ
1692 2915 1999 2993 καύματος.

295 3005 373 3063 32
388 3003 575 3063 Ἀλλά
599 3005 731 3065 τάδε
755 3009 859 3083 μὲν
883 3007 1104 3081 ἥκουσα
1130 3006 1340 3083 ἀνδρῶν
1359 3006 1704 3083 Κυρηναίων,
1722 3004 1996 3081 φαμένων

391 3093 575 3152 ἐλθεῖν
594 3118 657 3153 τε
676 3094 768 3153 ἐπὶ
791 3092 857 3153 τό
875 3092 1175 3171 Ἀμμωνος
1200 3093 1546 3172 χρηστήριον
1562 3094 1655 3152 καὶ
1680 3091 1999 3153 ἀπικέσθαι

391 3182 447 3238 ἐς
472 3178 677 3259 λόγους
698 3180 982 3261 Ἐτεάρχῳ
1006 3186 1084 3261 τῷ
1108 3181 1435 3257 Ἀμμωνίων
1458 3181 1720 3257 βασιλέϊ·
1763 3180 1865 3239 καί
1887 3206 2002 3244 κως

390 3266 453 3321 ἐκ
504 3265 690 3344 λόγων
734 3267 928 3327 ἄλλων
973 3267 1278 3329 ἀπικέσθαι
1322 3272 1378 3330 ἐς
1430 3268 1652 3347 λέσχην
1703 3267 1835 3343 περὶ
1889 3270 2001 3329 τοῧ
