2184 3517
17 1906 18 1919 ⁴
11 1764 24 1867 -ιιι-1ῐ-τἼ
9 1534 22 1711 ⁶⁹²⁴*

177 126 186 129 ·
247 112 471 179 14—17]
896 110 1223 165 nmnpnn.
1756 117 1854 168 ιιι

243 193 312 254 τὰ
337 194 499 272 παρὰ
524 192 831 255 θαλασσαν
857 192 995 253 εἶναι
1029 192 1201 271 αύτῆς
1222 197 1411 308 μέχρι
1414 200 1722 276 Ταριχειῶν
1742 201 1855 258 τῶν

246 286 683 357 Πηλουσιακῶν,
708 285 783 360 τῇ
824 280 894 356 δη
917 280 1336 359 τεσσεράκοντά
1363 287 1475 344 εἰσι
1506 287 1747 363 σχοῖνοι·
1786 283 1856 346 vc}

246 369 307 428 δὲ
353 369 470 430 οἷπο
519 367 821 445 θαλάσσης
870 368 1149 450 λεγόντων
1200 376 1258 435 ε’ς
1307 371 1622 452 μεσόγαιαν
1661 373 1857 434 τείνειν

245 456 422 533 αὐτ-ἦν
446 459 619 537 μέχρι
645 455 1023 533 Κερκασώρου
1047 457 1263 529 πόλιος,
1293 459 1410 519 κατ’
1435 459 1507 536 ἣν
1532 461 1786 539 σχίζεται
1819 460 1853 521 ὅ

243 549 476 619 Νεῖλος,
505 548 561 609 ἔς
583 570 647 604 τε
672 543 1005 621 Πηλούσιον
1035 545 1176 622 ῥέων
1200 548 1293 606 καὶ
1331 551 1387 610 ἐς
1423 546 1724 624 Κάνωβον·
1781 548 1855 610 τὰ

243 632 306 691 δὲ
328 633 491 693 ἅλλα
531 632 809 713 λεγόντων
841 636 943 708 τῆς
968 633 1256 716 Αἰγύπτου
1279 635 1352 695 τὰ
1394 637 1497 713 μὲν
1537 635 1759 713 Λιβύης
1781 635 1856 698 *td

243 719 306 779 δὲ
330 719 610 798 Ἀραβίης
636 720 793 780 εἶναι·
835 718 1288 799 ἀποδεικνύοιμεν
1306 719 1391 793 ἂν,
1410 722 1587 803 τούτῳ
1605 728 1683 803 τῷ
1698 724 1853 806 λόγῳ

240 808 568 886 χρεώμενοι,
595 808 955 890 Αἰγυπτίοισι
981 807 1083 868 οὔκ
1109 814 1314 871 εὀῦσαν
1345 810 1617 889 πρότερον
1641 812 1849 891 χώρην·

241 896 352 972 ἤδη
375 896 489 979 γάρ
515 904 631 974 σφι
654 896 722 957 τό
746 921 814 978 γε
841 897 1051 968 Δέλτα,
1079 896 1152 961 ὥς
1177 896 1336 958 αύτοὶ
1359 899 1596 980 λέγουσι
1633 900 1847 981 Αῑγύῡ

238 1009 354 1044 τιοι
385 987 482 1045 καὶ
515 986 670 1097 ‘’pol‘-
682 984 876 1055 δοκέει,
904 985 1028 1044 ἔστι
1053 985 1393 1098 κατάρρυτόν
1425 1012 1489 1047 τε
1516 988 1609 1046 καὶ
1634 989 1849 1060 νεωστὶ,

241 1099 318 1136 ως
339 1072 497 1154 λόγω
524 1076 714 1143 ειπεῖν,
741 1072 1114 1152 ἀναπεφηνός·
1158 1078 1207 1134 εἰ
1242 1075 1428 1135 τοίνυν
1455 1081 1568 1150 σφι
1601 1075 1757 1155 χώρη
1781 1101 1850 1157 γε

237 1159 547 1238 μηδεμία
511 1164 747 1240 υπῆρχε,
774 1186 832 1221 τι
817 1161 1310 1241 ’περιειργάζοντο
1336 1162 1616 1226 δοκέοντες
1640 1167 1850 1240 πρῶτοι

237 1247 548 1326 ἀνθρώπων
584 1249 907 1361 γεγονέναι;
950 1247 1076 1309 οὐδὲ
1103 1249 1210 1310 ἔδει
1249 1251 1437 1327 σφέας
1470 1254 1527 1313 ἐς
1562 1248 1849 1328 διάπειραν

236 1341 350 1398 τῶν
373 1337 654 1398 παιδίων’
636 1338 787 1408 ιέναι,
814 1336 940 1397 τίνα
962 1340 1241 1419 γλῶσσαν
1265 1338 1490 1416 πρώτην
1517 1337 1843 1415 α’πήσουσι·
1826 1385 1845 1410 ,

238 1424 373 1484 ἀλλ’
413 1423 542 1485 οὔτε
573 1424 911 1507 Αἰγυπτίους
952 1425 1123 1485 δοκέω
1149 1424 1268 1503 ἅμα
1308 1431 1386 1506 τῷ
1417 1428 1609 1488 Δέλτα
1649 1432 1726 1507 τῷ
1754 1427 1848 1489 ὑπ’

236 1512 436 1574 Ἰώνων
453 1514 771 1593 καλεομένῳ
794 1512 1075 1594 γενέσθαι,
1098 1514 1212 1574 αἰεί
1229 1540 1292 1575 τε
1310 1513 1449 1575 εἶναι
1464 1516 1527 1585 ἐξ
1550 1513 1618 1576 οὗ
1642 1514 1848 1595 ἀνθρώ-

236 1627 358 1663 πων
379 1603 548 1683 γένος
573 1602 809 1683 ἐγένετο·
848 1601 1156 1678 προϊούσης
1174 1603 1235 1662 δὲ
1253 1607 1354 1680 τῆς
1370 1603 1571 1682 χώρης,
1591 1604 1847 1669 πολλοὺς

235 1693 344 1766 μὲν
381 1690 516 1754 τούς
555 1689 1029 1766 ὑπολειπομένους
1053 1689 1234 1752 αὐτῶν
1273 1691 1554 1772 γενέσθαι,
1595 1692 1847 1757 πολλοῦς

236 1779 298 1838 δὲ
318 1779 455 1843 τούς
477 1776 1050 1854 ὖποκαταβαίνοντας.
1089 1777 1158 1838 τὰ
1185 1778 1232 1837 δ’
1259 1778 1335 1840 ὦν
1359 1779 1540 1839 πάλαι
1566 1783 1626 1839 αἶ
1651 1781 1844 1856 Θῆβαι

235 1868 525 1949 Αἴγυπτος
551 1862 830 1926 ε’καλέετο·
885 1869 988 1942 τῆς
1020 1865 1090 1927 τὰ
1117 1867 1450 1945 περίμετρον
1484 1868 1710 1929 στάδιοί
1732 1872 1844 1928 εἶσι

237 1956 421 2016 εἴκοσι
463 1955 558 2014 καὶ
602 1953 797 2014 ἔκατόν
848 1954 943 2013 καὶ
984 1953 1374 2034 ἑξακισχίλιοι.
1454 1959 1528 2015 Εἰ
1569 1955 1645 2016 ὧν
1684 1955 1843 2032 ἡμεῖς
1863 1959 1938 2019 16

235 2043 418 2120 ὀρθῶς
440 2043 571 2121 περὶ
591 2042 769 2103 αὐτῶν
786 2041 1155 2124 γινώσκομεν,
1171 2042 1358 2107 Ἴωνες
1379 2043 1477 2104 οὐκ
1499 2042 1557 2103 εὖ
1578 2045 1842 2122 φρονέου-

236 2157 301 2191 σι
320 2133 476 2210 .περὶ
514 2131 818 2213 Αἰγύπτου.
901 2134 950 2190 εἰ
984 2130 1045 2190 δὲ
1080 2130 1222 2208 ὀρθή
1267 2136 1390 2192 ἐστι
1427 2131 1466 2208 ἦ
1505 2135 1615 2193 τῶν
1650 2130 1844 2193 Ἰώνων

233 2221 449 2302 γνώμη,
481 2219 771 2296 Ἕλληνάς
800 2244 863 2280 τε
899 2219 992 2279 καὶ
1032 2218 1231 2284 αὖτοῦς
1260 2219 1455 2283 Ἴωνας
1487 2215 1845 2299 ἀποδείκνυμι

236 2309 337 2369 οὔκ
381 2308 785 2386 ἐπισταμένους
825 2308 1175 2389 λογίζεσθαι·
1217 2308 1278 2368 οἴ
1316 2315 1465 2385 φασι
1507 2307 1636 2384 τρία
1669 2309 1841 2386 μόρια

237 2396 379 2456 εἶναι
400 2401 514 2479 γῆν
537 2400 748 2467 πᾶσαν,
768 2395 1041 2472 Εὐρώπην
1060 2421 1124 2454 τε
1150 2396 1242 2455 καὶ
1265 2395 1466 2471 Ἀσίην
1493 2396 1586 2453 καὶ
1598 2395 1840 2471 Λιβύην·

233 2486 501 2563 τέταρτον
525 2484 637 2566 γὰρ
653 2484 722 2560 δή
738 2490 921 2560 σφεας
940 2483 1025 2542 δεῖ
1036 2483 1536 2563 προσλογίζεσθαι,
1555 2481 1841 2563 Αἰγύπτου

234 2574 300 2634 τὸ
345 2574 560 2634 Δέλτα·
603 2576 651 2632 εἰ
691 2572 773 2649 μή
814 2598 870 2632 τι
900 2572 971 2652 γέ
1012 2576 1137 2631 ἐστι
1179 2576 1280 2649 τῆς
1319 2571 1518 2648 Ἀσίης
1556 2569 1700 2649 μήτε
1736 2576 1840 2649 τῆς

234 2662 474 2739 Λιβύης.
557 2661 623 2722 οὗ
659 2661 770 2742 γοὶρ
802 2659 871 2737 δὴ
899 2660 931 2720 ὁ
957 2659 1169 2724 Νεῖλός
1192 2661 1264 2741 γέ
1289 2665 1428 2735 ε’στι,
1460 2661 1600 2721 κατὰ
1640 2665 1840 2723 τοῦτον

234 2750 332 2811 τόν
364 2749 560 2831 λόγον,
605 2749 637 2810 ὁ
674 2749 777 2824 τήν
803 2749 1008 2824 Ἀσίην
1044 2747 1271 2825 οὐρίζων
1308 2752 1412 2825 τῆς
1443 2749 1682 2826 Λιβύης·
1737 2754 1841 2811 τοῦ

236 2840 429 2898 Δέλτα
455 2839 515 2898 δὲ
541 2836 743 2898 τούτου
771 2836 911 2897 κατὰ
941 2836 1009 2896 τὰ
1049 2835 1150 2905 όξῦ
1189 2836 1619 2917 περιρρήγνυται
1644 2838 1676 2898 ὅ
1704 2843 1837 2899 Νεῖ-

237 2930 349 2997 λος,
378 2926 530 2988 ὥστε
572 2931 632 2987 ε’ν
671 2929 749 3006 τῷ
781 2925 988 3003 μεταξῦ
1028 2922 1228 3001 Ἀσίης
1266 2949 1329 2986 τε
1362 2926 1455 2984 καὶ
1495 2925 1716 3002 Λιβύης
1753 2927 1839 3007 γί-

238 3016 365 3075 νοιτ’
391 3015 481 3075 ἄν.

309 3105 431 3163 Καὶ
454 3104 560 3181 τὴν
585 3107 690 3181 μὲν
711 3103 908 3163 Ἰώνων
933 3103 1158 3184 γνώμην
1184 3100 1431 3179 α’πίεμεν,
1461 3100 1622 3178 ἡμεῖς
1647 3101 1707 3161 δὲ
1734 3099 1835 3161 ὦδε
1857 3103 1932 3163 17

234 3193 321 3252 καὶ
345 3192 479 3271 περὶ
502 3192 712 3254 τούτων
736 3193 995 3272 λέγομεν·
1037 3192 1324 3270 Αἴγυπτον
1349 3192 1453 3265 μὲν
1476 3193 1670 3250 πᾶσαν
1697 3189 1836 3250 εἶναι

234 3279 436 3357 ταύτην
464 3279 573 3355 τὴν
610 3279 705 3338 ὕπ’
739 3277 1057 3357 Αἰγυπτίων
1090 3277 1425 3351 οἰκεομένην,
1454 3275 1698 3352 κατάπερ
1732 3280 1834 3336 Κι-
