2184 3517
375 114 477 168 2⁶0
992 117 1362 169 ἩΡοΔοϊοϊ
1834 115 1979 184 [111.

375 199 682 267 Κνωσσίου
706 199 800 258 καὶ
825 201 874 258 εἷ
898 197 969 274 δή
991 223 1076 261 τις
1099 197 1281 262 ἄλλος
1302 195 1573 276 πρότερος
1603 195 1805 261 τούτου
1838 197 1986 277 ἦρξε

372 288 476 361 τῆς
501 285 822 363 θαλάσσης·
860 288 964 362 τῆς
988 285 1050 345 δὲ
1074 283 1428 363 ἀνθρωπηίης
1451 286 1760 367 λεγομένης
1780 291 1985 368 γενεῆς

375 374 746 453 Πολυκράτης
781 373 907 435 ἐστὶ
929 377 1165 451 πρῶτος,
1193 374 1424 439 ἐλπίδας
1446 373 1673 437 πολλάς
1698 375 1836 452 ἔχων
1857 373 1981 436 Ἰω-

371 462 491 538 νίης
522 486 587 523 τε
622 463 716 521 καὶ
753 461 942 538 νήσων
964 460 1171 539 ἄρξειν·
1209 461 1406 538 μαθών
1433 460 1510 522 ὧν
1532 461 1710 522 ταῦτά
1733 487 1832 539 μιν
1855 462 1980 523 δια·

367 548 661 628 νοέύμενον
690 550 724 611 ὁ
752 549 1029 628 Ὀροίτης,
1054 550 1285 627 πέμψας
1315 549 1589 630 ἀγγελίην
1626 551 1785 631 ἔλεγε
1815 550 1977 612 τάδε..

366 647 402 675 “
418 637 679 717 Ὀροίτης
713 637 1072 713 Πολυκράτει
1108 634 1212 697 ὦδε
1247 638 1422 718 λέγει·
1462 635 1855 748 πυνθάνομαι,
1851 642 1977 698 ἐπι-

366 725 666 801 βουλεύειν
694 751 767 786 σε
795 725 1102 835 πρήγμασι
1125 724 1448 806 μεγάλοισι,
1476 726 1570 785 καὶ
1591 724 1856 804 χρήματά
1879 751 1978 787 τοι

364 810 467 872 ούκ
507 812 647 874 ἐἶναι
672 839 814 874 κατα
839 815 913 874 ‘fd
938 812 1441 890 φρονήματα.σύ
1469 817 1567 873 νῦν
1593 809 1698 872 ωδε
1721 812 1978 890 ποιήσας

367 896 638 978 όρθωσεις
661 904 766 981 μὲν
791 926 1054 971 σεωυτον,
1079 900 1290 965 σώσεις
1314 900 1375 960 δὲ
1401 901 1495 960 καὶ
1521 902 1639 977 ἐμέ·
1680 900 1830 981 (ἐμοὶ
1852 902 1975 983 γὰρ

358 988 641 1065 βασιλευς
679 988 1008 1067 Καμβύσης
1043 989 1402 1065 ἐπιβουλεύει
1436 988 1693 1060 θάνατον,
1734 990 1832 1049 καί
1865 1016 1975 1067 μοι

359 1081 528 1138 τοῦτο
569 1079 969 1160 ἐξαγγέλλεται
1010 1077 1354 1157 σαφηνέως·)
1400 1076 1477 1137 σι)
1521 1080 1620 1137 νῦν
1663 1080 1764 1153 ἐμὲ
1809 1081 1973 1139 ἐκκο·

358 1166 536 1242 μίσας
565 1165 734 1227 αύτδν
769 1166 863 1225 καὶ
896 1163 1178 1244 χρήματα,
1201 1164 1276 1225 τὰ
1305 1167 1412 1241 μὲν
1437 1162 1620 1225 αύτιιῖν
1645 1163 1811 1229 αὐτ-ὂς
1849 1167 1969 1246 ἔχε,

359 1252 433 1313 τά.
458 1253 519 1313 δὲ
544 1257 642 1331 ἐμὲ
669 1254 733 1312 ἔα
757 1254 922 1332 ἔχειν·
965 1252 1169 1312 εἵνεκέν
1185 1277 1249 1312 τε
1273 1251 1592 1331 χρημάτων,
1615 1251 1795 1329 ἄρξεις
1818 1253 1967 1313 άπά-

364 1365 476 1418 σης
505 1345 610 1418 τῆς
644 1341 942 1404 Ἑλλάδος·
984 1343 1035 1399 εἰ
1064 1340 1130 1400 δέ
1156 1364 1257 1415 μοι
1290 1339 1577 1404 ἀπιστέεις
1600 1338 1675 1400 τὰ
1697 1342 1826 1417 περὶ
1848 1344 1971 1402 τῶν

356 1427 673 1506 χρημάτων,
713 1428 943 1507 πέμψον
979 1426 1140 1491 ὅστις
1176 1453 1268 1501 τοι
1310 1426 1655 1491 πιστότατος
1696 1428 1969 1508 τυγχάνει

266 1514 426 1574 123’
400 1540 518 1584 εων,
557 1520 636 1594 τῷ
675 1515 784 1597 ἐγω
824 1514 1127 1585 ἀποδέξωῗ
1193 1518 1385 1575 Ταῦτα
1423 1513 1673 1579 ἀκούσας
1702 1515 1734 1574 ό
1767 1520 1966 1576 Πολυ-

356 1601 577 1680 κράτης,
602 1602 759 1680 ἥσθη
782 1627 847 1664 τε
872 1604 966 1663 καὶ
990 1603 1286 1680 ἐβούλετο·
1327 1605 1425 1663 καί
1445 1629 1568 1673 κως,
1589 1604 1827 1682 ῖμείρετο
1844 1606 1965 1686 γάρ

355 1690 656 1770 χρημάτων
684 1691 961 1772 μεγάλως,
988 1691 1314 1769 ἀποπέμπει
1343 1693 1540 1769 πρῶτα
1576 1691 2003 1770 κατοψόμενον

355 1778 703 1858 Μαιάνδριον
736 1777 1104 1857 Μαιανδρίου,
1130 1779 1305 1858 ανδρα
1337 1783 1448 1840 τῶν
1487 1777 1692 1850 ἀστῶν,
1719 1779 1780 1843 ὅς
1804 1782 1861 1839 οἱ
1887 1778 1964 1857 ἦν

353 1866 805 1948 γραμματιστής·
846 1893 911 1931 ος
932 1867 1119 1948 χρόνω
1144 1866 1211 1928 ού
1235 1865 1498 1946 πολλῷ
1461 1892 1702 1945 υστερον
1724 1866 1959 1940 τούτων,

351 1955 453 2015 τόν
482 1955 700 2031 κόσμον
732 1954 834 2016 τόν
857 1960 920 2015 ἐκ
953 1960 1054 2016 τοῦ
1084 1955 1388 2034 ἀνδρεῶνος
1410 1958 1515 2015 τοῦ
1541 1953 1958 2033 Πολυκράτεος,

353 2041 517 2104 ἐόντα
553 2042 894 2120 ἀξιοθέητον,
921 2043 1156 2120 ἀνέθηκε
1188 2042 1374 2105 πάντα
1405 2048 1462 2107 ἐς
1494 2042 1564 2103 τὰ
1596 2041 1850 2121 Ἡραῖον.
1923 2043 1959 2105 ὅ

343 2127 428 2191 δὲ’
450 2129 711 2209 Ὀροίτης
746 2131 940 2209 μαθῶν
975 2131 1079 2192 τόν
1119 2130 1478 2192 κατάσκοπον
1511 2129 1674 2192 ἐόντα
1708 2132 1960 2209 προσδό-

341 2242 532 2298 κιμον,
565 2220 747 2280 ἐποίεε
784 2218 991 2280 τοιάδε·
1032 2218 1315 2298 λάρνακας
1353 2217 1497 2280 ὀκτώ
1532 2218 1839 2297 πληρώσας
1864 2221 1959 2281 λί-

357 2306 485 2379 θων,
511 2308 666 2385 πλὴν
701 2308 877 2387 κάρτα
906 2307 1157 2386 βραχέος
1186 2310 1288 2367 τοῦ
1317 2308 1449 2386 περὶ
1472 2304 1617 2367 αύτὰ
1638 2306 1712 2367 τά
1735 2312 1955 2386 χείλεα,

351 2399 628 2472 ἐπιπολῆς
656 2398 768 2456 τῶν
794 2395 968 2455 λίθων
990 2393 1209 2474 χρυσόν
1232 2396 1502 2471 ἐπέβαλε·
1544 2394 1864 2471 καταδήσας
1892 2397 1957 2456 δὲ

352 2485 454 2547 τοὶς
490 2484 773 2562 λάρνακας
813 2483 930 2563 εἶχε
971 2483 1212 2560 ἑτοίμας·
1253 2482 1435 2543 ἐλθῶν
1458 2482 1520 2541 δὲ
1545 2482 1578 2542 ὁ
1604 2482 1956 2560 Μαιάνδριος

257 2578 284 2634 1
298 2573 373 2633 24
391 2571 484 2631 καὶ
509 2570 871 2649 θεησάμενος,
892 2570 1204 2652 ἀπήγγειλε
1227 2573 1306 2649 τῷ
1331 2569 1705 2648 Πολυκράτεῖ.
1770 2569 1840 2631 ‘O
1870 2571 1951 2643 δὲ,

345 2658 544 2718 πολλὰ
581 2662 687 2734 μὲν
717 2663 831 2720 τῶν
868 2659 1112 2736 μαντίων
1150 2657 1613 2740 ἀπαγορευόντων
1649 2657 1847 2718 πολλὰ
1888 2659 1954 2719 δὲ

344 2750 456 2808 τῶν
495 2747 698 2822 φίλων,
730 2748 1034 2808 ἐστέλλετο
1073 2744 1241 2811 αύτός
1279 2746 1520 2807 ἀπιέναι·
1558 2745 1703 2824 πρὸς
1737 2746 1813 2816 δὲ,
1851 2749 1948 2807 καὶ

352 2832 579 2911 ἰδούσης
607 2838 710 2910 τῆς
742 2830 1015 2916 θυγατρός
1039 2835 1174 2913 ὄψιν
1199 2835 1454 2896 ἐνυπνίου
1477 2835 1716 2911 τοιήνδε·
1759 2832 1957 2896 ἐδόκεέ

346 2925 403 2980 οἱ
434 2919 538 2980 τᾶν
575 2921 790 2997 πατέρα
826 2927 884 2981 ἐν
912 2924 991 2999 τῷ
1017 2921 1144 2998 ἠέρι
1175 2923 1454 2999 μετέωρον
1483 2921 1663 2993 ἐόντα,
1699 2923 1952 2984 λοῦσθαι

344 3010 449 3083 μὲν
479 3006 590 3067 ύπό
620 3011 725 3067 τοῦ
758 3007 909 3078 Διός,
936 3008 1200 3085 χρίεσθαι
1226 3009 1286 3069 δὲ
1311 3009 1424 3069 ύπὸ
1456 3013 1559 3070 τοῦ
1588 3009 1776 3086 ἡλίου·
1813 3012 1950 3071 ταύ-

343 3117 450 3168 την
477 3093 676 3152 ἰδοῦσα
705 3091 810 3167 τήν
836 3092 983 3171 ὄψιν,
1011 3096 1249 3172 παντοίη
1291 3098 1502 3177 ἐγίνετο
1537 3096 1619 3174 μή
1655 3096 1950 3175 ἀποδημῆ-

345 3202 447 3236 σαι
475 3177 575 3237 τᾶν
599 3179 978 3290 Πολυκράτεα
1008 3205 1165 3257 παρα
1186 3182 1286 3242 τὸν
1310 3182 1590 3259 Ὀροίτεα·
1634 3185 1727 3243 καὶ
1752 3184 1822 3260 δὴ
1851 3186 1950 3245 καὶ

352 3263 527 3325 ἰόντος
562 3263 730 3323 αυτοῦ
761 3266 855 3324 ἐπὶ
884 3265 988 3340 τὴν
1012 3268 1445 3345 πεντηκόντερον
1471 3271 1870 3346 ἐπεφημίζετο·
1913 3272 1949 3333 ὁ
