2184 3517
245 109 526 174 184—187]
820 110 1276 161 ΜΕΛΠΟΜΕΝΗ.
1751 114 1845 161 355

241 190 530 270 ἐπιχώριοι
556 191 714 251 εἶναι·
775 191 868 252 ε’πὶ
892 189 1095 252 τούτου
1120 196 1221 252 τοῦ
1258 195 1446 268 οὔρεος
1483 196 1537 252 οἱ
1568 193 1847 270 ἅνθρωποι

241 277 398 340 οὗτοι
425 278 700 357 ἐπώνυμοι
727 279 1000 360 ε’γένοντο·
1043 279 1341 340 καλέονται
1365 279 1476 361 γὰρ
1505 279 1573 355 δὴ
1601 280 1843 341 Ἀτλαν-

237 391 350 430 τες·
392 366 654 448 λέγονται
690 367 750 426 δὲ
782 366 909 427 οὔτε
939 367 1193 447 ἔμψυχον
1219 366 1376 430 οὐδὲν
1403 367 1693 429 σιτέεσθαι
1720 367 1856 430 οὔτε

239 453 469 514 ἐνύπνια
496 455 669 532 ὁρᾶν.·

321 544 514 622 Μέχρι
538 546 642 618 μὲν
668 541 737 619 δή
761 546 872 604 τῶν
893 542 1215 605 Ἀτλάντων
1236 570 1459 616 τουτων,
1488 544 1595 625 ἔχω
1618 571 1691 605 τα
1717 544 1806 606 οὗ·
1824 548 1940 608 185

239 629 460 708 νόματα
483 635 595 692 τῶν
610 636 669 692 ἐν
692 635 764 710 τῇ
780 630 976 742 ὀφρύῃ
1003 633 1411 709 κατοικημένων
1431 633 1751 703 καταλέξαι·
1777 633 1843 695 τὸ

236 718 287 779 δ’
317 719 433 779 οἷπο
473 719 697 789 τούτων,
732 719 933 780 οὐκέτι·
974 719 1150 797 διήκει
1190 719 1237 779 δ’
1270 720 1344 781 ὧν
1377 720 1417 797 ἦ
1455 720 1641 798 ὀφρύη
1676 722 1846 800 μέχρι

237 805 594 885 Ηρακληιων
634 809 904 884 στηλέων,
942 808 1036 866 καὶ
1063 808 1131 868 τὸ
1169 809 1269 878 ἔξω
1308 811 1563 869 τουτέων·
1619 811 1742 870 ἔστι
1784 809 1845 878 δὲ

238 894 379 960 α’λός
416 923 480 956 τε
517 898 805 974 μέταλλον
836 900 895 955 ε’ν
925 895 1066 975 αὐτῇ
1103 895 1196 956 διοὶ
1236 896 1368 955 δέκα
1404 897 1652 974 ἡμερέων
1686 897 1839 968 ὁδοῦ,

238 984 333 1043 καὶ
365 983 646 1062 ἅνθρωποι
686 987 974 1047 οἰκέοντες·
1014 983 1088 1045 ταῖ
1121 984 1181 1042 δὲ
1222 985 1367 1043 οἰκία
1402 984 1659 1044 τούτοισι
1695 990 1843 1046 πᾶσι

238 1076 301 1132 ἔκ
325 1096 437 1132 των
460 1072 664 1133 αλίνων
687 1072 937 1152 χόνδρων
956 1072 1365 1148 οἰκοδομέαται·
1394 1076 1572 1134 ταῦτα
1596 1073 1707 1154 γοὶρ
1733 1073 1841 1150 ἤδη

234 1163 338 1236 τῆς
361 1160 582 1237 Λιβύης
607 1160 922 1238 ἄνομβρά’
896 1186 1039 1221 εστι·
1073 1159 1139 1220 οὗ
1156 1160 1266 1242 γοὶρ
1287 1159 1355 1221 ἂν
1370 1160 1636 1237 ἠδυνέατο
1655 1163 1841 1239 μένειν

236 1252 292 1308 οἱ
323 1253 510 1328 τοῖχοι
548 1248 728 1314 ἐόντες
757 1248 957 1330 ᾄλινοι,
993 1253 1041 1308 εἰ
1076 1246 1159 1308 ὗε.
1228 1248 1261 1309 ὁ
1288 1250 1348 1308 δὲ
1379 1249 1487 1313 ἆλς
1517 1248 1713 1311 αὐτόθι
1744 1253 1840 1310 καὶ

234 1336 442 1400 λευκός
469 1338 561 1396 καὶ
591 1336 910 1415 πορφυρεος
933 1336 1000 1398 τό
1034 1337 1237 1401 εἶδος’
1205 1337 1531 1415 ορύσσεται.
1595 1338 1737 1416 ὗπὲρ
1777 1340 1839 1399 δὲ

232 1429 336 1502 τῆς
362 1424 588 1534 ὀφρύης
599 1426 817 1502 ταύτης,
836 1425 903 1486 τό
930 1424 1072 1503 πρὸς
1098 1424 1261 1487 νότον
1281 1426 1372 1486 καὶ
1396 1424 1713 1507 μεσόγαιαν
1736 1432 1840 1503 τῆς

232 1512 515 1589 Λιβύης,’
490 1519 693 1592 ερῆμος
718 1514 809 1574 καὶ
836 1512 1065 1591 ανυδρος
1092 1514 1185 1574 καὶ
1210 1513 1418 1591 αθηρος
1433 1540 1525 1573 και
1550 1512 1838 1592 ανομβρος

234 1601 328 1660 καὶ
350 1600 635 1671 ἅξυλός’
609 1629 733 1662 εστι
766 1601 806 1680 ἦ
844 1628 1021 1682 χωρη·
1062 1603 1158 1662 καὶ
1198 1602 1486 1681 ἰκμάδος’
1459 1603 1583 1663 εστὶ
1610 1607 1669 1663 ἐν
1693 1601 1836 1682 αὐτῇ

233 1688 412 1750 οὐδέν.

314 1776 479 1837 Οὕτω
516 1779 620 1854 μὲν
647 1777 817 1858 μέχρι
850 1782 951 1855 τῆς
984 1780 1310 1857 Τριτωνίδος
1339 1780 1544 1857 λίμνης
1575 1778 1672 1840 ἀπ’
1695 1783 1795 1840 Αἰ·
1815 1780 1931 1840 186

229 1865 448 1947 γύπτου
474 1865 708 1943 νομάδες
734 1867 846 1926 εἰσὶ
873 1867 1182 1949 κρεοφάγοι
1204 1894 1268 1929 τε
1297 1869 1390 1927 καὶ
1413 1860 1839 1951 γαλακτοπόται

227 1955 462 2031 Λίβυες·
505 1954 598 2014 καὶ
633 1956 848 2030 θηλέων
886 1980 949 2015 τε
978 1957 1138 2031 βοῶν
1174 1954 1240 2014 οὔ
1259 1981 1330 2015 τι
1359 1957 1667 2038 γευόμενοι,
1695 1956 1839 2018 διότι

228 2068 336 2119 περ
374 2042 847 2124 οὗδέᾼῖγύπτιοι·
889 2043 980 2101 καὶ
1004 2041 1069 2106 ὗς
1095 2044 1506 2126 ουκτρέφοντες·
1545 2047 1704 2122 βοῶν
1728 2046 1834 2122 μέν

229 2156 328 2190 νυν
370 2131 585 2206 θηλέων
626 2129 740 2190 οὐδ’
786 2133 846 2190 αἶ
897 2133 1226 2208 Κυρηναίων
1274 2135 1529 2211 γυναῖκες
1567 2132 1840 2199 δικαιεῦσι

226 2219 558 2290 πατέεσθαι,
597 2217 686 2278 Bai
726 2218 832 2295 τὴν
863 2223 921 2280 ἐν
960 2218 1227 2300 Αἰγύπτῳ
1248 2218 1415 2289 ''Io-w,
1442 2218 1599 2279 οἷλλοὶ
1626 2220 1718 2279 καὶ
1744 2247 1836 2297 νη·

208 2307 422 2369 στείας
457 2306 599 2386 αὐτῇ
639 2307 743 2383 καὶι
763 2307 930 2385 ὄρτοὶς
962 2309 1335 2368 ἐπιτελέουσι·
1376 2309 1436 2367 αἱ
1470 2307 1531 2366 δὲ
1555 2312 1664 2368 τῶν
1690 2315 1837 2386 Βαρ-

226 2395 398 2457 καίων
431 2399 684 2475 γυναῖκες
710 2395 853 2455 ὀὐδὲ
883 2395 994 2456 ὖῶν
1019 2396 1161 2474 πρὸς
1190 2399 1329 2475 τῇσι
1352 2395 1534 2471 βουσὶ
1560 2394 1834 2477 γεύονται·

223 2487 406 2547 ταῦτα
440 2485 545 2559 μὲν
576 2483 646 2559 δή
689 2483 828 2544 οὕτω
855 2485 989 2563 ἔχει.
1058 2482 1139 2544 Τό
1166 2484 1226 2543 δὲ
1251 2483 1397 2561 πρὸς
1423 2485 1663 2561 ἑσπέρης
1694 2488 1797 2559 τῆς
1815 2484 1927 2544 187

224 2571 558 2648 Τριτωνίδος
590 2572 793 2649 λίμνης
833 2572 1017 2634 οὐκέτι
1048 2573 1284 2651 νομάδες
1316 2573 1428 2633 εἰσὶ
1450 2574 1682 2650 Λίβυες,
1711 2571 1838 2632 οὐδὲ

222 2659 456 2736 νόμοισι
486 2663 641 2720 τοῖσι
681 2660 906 2721 αὐτοῖσι
939 2660 1263 2740 χρεώμενοι,
1292 2660 1419 2721 οὐδὲ
1446 2659 1589 2723 κατὰ
1611 2660 1684 2722 ταῖ
1709 2686 1834 2720 παι-

223 2746 318 2807 δία
352 2752 636 2811 ποιεῦντες
674 2748 794 2810 οἷόν
818 2775 876 2810 τι
902 2749 994 2809 καὶ
1022 2753 1077 2809 οἱ
1102 2749 1344 2827 νομάδες
1371 2750 1582 2811 ἐώθασι
1607 2749 1834 2833 ποιέειν·

222 2838 283 2895 οῖ
311 2835 427 2915 γὰρ
463 2836 532 2911 δή
563 2841 674 2897 τῶν
711 2837 946 2914 Λιβύων
973 2838 1224 2915 νομάδες,
1252 2841 1329 2915 (εἰ
1358 2840 1462 2915 μὲν
1486 2838 1705 2909 πάντες,
1734 2837 1835 2898 οὐκ

222 2923 334 3001 ἔχω
364 2922 645 3000 ἀτρεκέως
673 2927 843 2985 τοῦτο
869 2925 1062 3005 εἶπαι,)
1088 2929 1315 2986 ποιεῦσι
1341 2927 1401 2986 δὲ
1427 2924 1608 2988 αὐτῶν
1632 2926 1837 3005 συχνοὶ

223 3009 431 3071 τοιοίδε·
471 3016 582 3072 τῶν
607 3012 839 3072 παιδίων
861 3017 974 3073 τῶν
1001 3014 1305 3091 σφετέρων,
1334 3013 1502 3075 ἐπεοὶν
1536 3015 1834 3091 τετραέτεα

222 3099 469 3181 γένηται,
503 3100 678 3178 οἴσπῃ
718 3099 1023 3176 προβάτων
1049 3101 1274 3160 καίουσι
1297 3102 1400 3165 τὰς
1427 3107 1486 3163 ἐν
1509 3106 1648 3180 τῇσι
1676 3127 1834 3180 κορυ-

218 3190 377 3267 φῇσι
424 3188 673 3264 φλέβας·
725 3188 1073 3266 μετεξέτεροι
1112 3188 1174 3247 δὲ
1213 3189 1409 3261 αὐτῶν,
1442 3190 1543 3254 τοὶς
1584 3196 1643 3251 ἐν
1678 3193 1834 3251 τοῖσι

217 3274 584 3353 κροτάφοισι·
626 3275 790 3337 τοῦδε
817 3276 1014 3347 εἵνεκα,
1037 3276 1111 3342 ὥς
1134 3276 1216 3355 μή
1243 3283 1429 3356 σφεας
1455 3283 1511 3344 ἐς
1532 3277 1634 3340 τᾶν
1647 3277 1834 3340 πάντα
