2184 3517
203 120 427 186 61-64]
882 121 1151 171 eAAmA.
1703 121 1802 170 231

199 201 501 264 τεθνεῶτες
539 199 860 270 ἀνεστέασι,
886 197 1197 276 προσδέκεό
1232 224 1324 260 τοι
1360 199 1454 259 καὶ
1485 197 1808 279 Ἀστυάγεα.

201 288 308 348 τὸν
338 287 541 363 Μῆδον
572 287 1089 363 ἐπαναστήσεσθαι·
1135 290 1184 346 εἰ
1218 285 1264 346 δ’
1301 287 1425 346 ἔστι
1463 285 1654 363 ὥσπερ
1694 285 1807 364 πρό

212 380 325 446 τοῦ,
357 375 421 435 ού
459 374 542 452 μή
581 402 638 435 τι
676 401 765 436 τοι
802 376 864 434 ἔκ
903 401 970 456 γε
1012 375 1219 435 ἐκείνου
1259 373 1523 451 νεώτερον
1554 373 1806 450 ἀναβλα-

207 463 433 539 στήσει.
517 467 614 524 νῦν
671 462 746 523 ὦν
801 488 902 541 μοι
964 462 1159 534 δοκέει,
1211 461 1654 539 μεταδιώξαντας
1708 461 1808 522 τὸν

209 551 422 628 κήρυκα
454 550 725 622 ἐξετάζειν
760 554 1112 626 εἰρωτεῦντας
1140 548 1270 627 παρ’
1295 547 1421 609 ὅτευ
1458 547 1606 625 ἥκων
1635 573 1807 627 προα-

206 638 425 719 γορεύει
465 638 603 716 ἡμῖν
642 638 912 717 Σμέρδιος
949 639 1232 715 βασιλέος
1274 636 1494 698 ἀκούειν
1510 636 1558 707 ;”
1619 643 1808 699 Ταῦτα
1825 640 1901 699 63

211 728 465 790 εἴπαντος
495 726 891 803 Πρηξάσπεος,
916 725 1089 803 ἤρεσε
1122 725 1235 808 γὰρ
1272 725 1586 806 Καμβύσῃ,
1614 725 1809 787 αὐτίκα

206 815 577 890 μεταδίωκτος
614 814 910 897 γενόμενος
948 813 981 876 ὁ
1023 814 1200 892 κῆρυξ
1233 813 1355 890 ἧκε·
1402 814 1707 896 ἀπιγμένον
1747 814 1812 875 δέ

208 927 304 977 μιν
340 902 521 980 εἴρετο
556 901 589 963 ὁ
616 902 969 980 Πρηξάσπης
1001 902 1152 961 τάδε·
1195 900 1521 979 ’(ὥνθρωπε,
1550 902 1665 982 φῂς
1697 903 1808 985 γάρ

208 988 361 1065 ἥκειν
407 990 563 1067 παρὰ
602 990 873 1067 Σμέρδιος
914 992 1016 1051 τοῦ
1049 989 1257 1067 ,Κύρου
1296 988 1554 1071 ἅγγελος,
1595 995 1695 1051 νῦν
1735 989 1810 1051 ὧν

211 1079 369 1141 εἶπας
393 1076 500 1153 τὴν
533 1078 810 1155 ἀληθηΐην
840 1075 1001 1138 ἄπιθι
1034 1078 1263 1157 χαίρων·
1304 1076 1504 1155 κότερα
1531 1076 1698 1142 αὐτός
1720 1103 1810 1138 τοι

211 1165 450 1242 Σμέρδις
475 1165 864 1244 φαινόμενος’
838 1191 893 1229 ες
917 1163 1050 1241 ὄψιν
1075 1166 1397 1226 ἐνετέλλετο
1421 1169 1612 1235 ταῦτα,
1640 1163 1678 1242 ἢ
1702 1192 1813 1226 των

210 1278 293 1317 τις
335 1254 546 1313 ἐκείνου
585 1251 966 1330 ύπηρετέωνΡ
916 1298 933 1323 ,
1020 1280 1052 1313 ο
1094 1253 1155 1312 δε
1196 1252 1334 1312 εἶπε·
1384 1257 1452 1288 “
1426 1279 1534 1333 εγω
1574 1253 1812 1330 Σμέρδιν

209 1344 314 1417 μὲν
335 1367 440 1402 τον
473 1340 681 1419 Κύρου,
710 1339 829 1411 ἐξ”
795 1366 929 1401 οτου
952 1339 1236 1417 βασιλευς
1276 1339 1602 1417 Καμβύσης
1625 1339 1812 1417 ἤλασε

213 1432 268 1491 ἐς
305 1430 611 1511 Αἴγυπτον,
653 1427 720 1489 οὕ
759 1455 837 1489 κω
875 1427 1097 1489 ὄπωπα·
1144 1428 1177 1489 ὅ
1217 1429 1280 1488 δέ
1315 1454 1415 1506 μοι
1453 1428 1671 1510 Μάγος,
1710 1428 1811 1491 τὸν

213 1515 542 1593 Καμβύσης
592 1517 894 1594 ἐπίτροπον
943 1520 1056 1577 τῶν
1113 1517 1298 1577 οἰκίων
1350 1516 1595 1587 ἀπέδεξε,
1651 1515 1811 1583 οὗτος

210 1609 387 1663 ταῦτα
415 1605 747 1676 ἐνετείλατο,
775 1603 890 1680 φάς
925 1604 1167 1681 Σμέρδιν
1196 1603 1297 1665 τόν
1330 1604 1521 1681 Κύρου
1549 1605 1687 1666 εἶναι
1711 1606 1810 1668 τᾶν

210 1695 388 1751 ταῦτα
416 1693 741 1768 ἐπιθέμενον
767 1690 920 1751 εἶπαι
945 1691 1086 1769 πρὸς
1112 1689 1335 1770 ύμέας.”
1415 1691 1448 1753 ὅ
1472 1696 1578 1770 μὲν
1602 1692 1673 1770 δή
1699 1701 1812 1771 σφι

214 1778 372 1860 ἔλεγε
406 1778 566 1840 οὐδὲν
604 1778 1161 1858 ἐπικατεψευσμένος·
1203 1779 1529 1857 Καμβύσης
1568 1781 1629 1839 δὲ
1667 1781 1806 1841 εἶπε·

214 1876 253 1902 “
265 1867 629 1944 Πρήξασπες,
666 1866 742 1927 σι)
777 1870 883 1945 μὲν
917 1867 1011 1928 οἶα
1045 1866 1189 1945 ἀνὴρ
1223 1866 1435 1949 ἀγαθὰς
1463 1869 1707 1945 ποιήσας
1743 1869 1813 1931 τὸ

213 1955 581 2032 κελευόμενον
620 1956 800 2032 αἰτίην
840 1954 1205 2037 ἐκπέφευγας·
1248 1953 1372 2033 ἐμυὶ
1406 1956 1468 2016 δὲ
1500 1959 1587 2021 τίς
1624 1955 1694 2018 ἂν
1727 1960 1812 2034 εἴη

214 2041 487 2120 Περσέων
526 2042 560 2104 ὅ
601 2043 960 2114 ἐπανεστεὼς,
1000 2043 1347 2120 ἐπιβατεύων
1397 2048 1499 2105 τοῦ
1544 2046 1813 2124 Σμέρδιος

212 2128 519 2207 οὖνόματος
535 2128 586 2201 ;’'
625 2130 659 2191 ὁ
685 2130 746 2190 δὲ
774 2130 912 2190 εἶπε·
954 2141 990 2168 “
1007 2131 1117 2213 ἐγώ
1146 2157 1246 2209 μοι
1278 2131 1448 2192 δοκέω
1475 2133 1721 2195 συνιέναι
1744 2134 1811 2195 τό

210 2218 446 2299 γεγονὸς
494 2221 682 2289 τοῦτο,
723 2217 766 2277 ὦ
803 2220 1073 2295 βασιλεῦ·
1143 2222 1197 2279 οἱ
1237 2219 1433 2301 Μάγοι
1477 2223 1594 2280 εἰσί
1631 2247 1720 2282 τοι
1759 2225 1814 2282 οἱ

211 2309 635 2376 ἐπανεστεῶτες,
660 2305 762 2367 τόν
791 2332 855 2366 τε
889 2308 1077 2370 ἔλιπες
1113 2306 1427 2385 μελεδωνὸν
1463 2312 1574 2368 τῶν
1614 2309 1812 2379 οἰκίων,

213 2394 569 2471 Πατιζείθης,
598 2395 692 2454 καὶ
718 2394 751 2455 ὁ
775 2394 976 2456 τούτου
1010 2394 1290 2473 ἀδελφεός
1324 2393 1615 2472 Σμέρδις.”
1691 2394 1812 2457 Ἐν·
1832 2400 1934 2458 64‘

213 2480 394 2540 θαῧτα
446 2480 768 2543 ἀκούσαντα
820 2482 1149 2560 Καμβύσεα
1191 2482 1259 2543 vd
1300 2481 1568 2560 Σμέρδιος
1606 2482 1816 2562 οὕνομα

213 2568 382 2646 ἔτυψε
405 2566 444 2644 ἦ
470 2567 716 2646 ἀληθηΐη
741 2573 853 2631 τῶν
876 2595 940 2630 τε
970 2570 1157 2651 λόγων
1193 2570 1285 2630 καὶ
1308 2575 1409 2631 τοῦ
1442 2571 1714 2633 ἐνυπνίου·
1754 2571 1817 2638 ὃς

213 2654 400 2715 ἐδόκεε
427 2660 499 2715 ἐν·
523 2659 601 2735 τῷ
635 2655 788 2737 ὕπνῳ
828 2657 1177 2740 ἀπαγγεῖλαί
1204 2657 1330 2719 τινά
1371 2662 1442 2730 οἶ,
1474 2658 1547 2723 ὥς
1582 2659 1820 2738 Σμέρδις

215 2742 520 2819 iamvos-⁹
493 2770 550 2808 ες
574 2743 676 2804 τόν
692 2745 1005 2821 βασιλήϊον
1027 2745 1227 2823 θρόνον
1246 2745 1482 2826 ψαύσειε
1499 2774 1573 2827 τῃ
1544 2751 1819 2829 κεφαλῇ

217 2833 319 2889 τοῦ
358 2829 618 2907 ουρανοΰ·
657 2832 853 2909 μαθων
890 2833 952 2893 δε
991 2858 1064 2897 ως
1103 2833 1287 2912 μάτην
1324 2833 1696 2901 ἀπολωλεκώς
1733 2862 1820 2913 ειη

212 2916 313 2978 τόν
338 2917 640 2995 ἀδελφεὸν,
669 2919 941 2981 ἀπέκλαιε
966 2921 1225 2999 Σμέρδιν,
1246 2919 1614 2987 ἀποκλαύσας
1640 2925 1701 2984 δὲ
1726 2926 1820 2984 καὶ

215 3006 667 3084 περιημεκτήσας
698 3012 771 3088 τῇ
805 3007 1005 3087 ἀπάσῃ
1039 3012 1322 3115 συμφορῇ
1350 3009 1697 3087 ἀναθρώσκει
1728 3011 1822 3070 ἐπὶ

215 3092 315 3154 τὸν
370 3094 562 3164 ἵππον,
611 3100 671 3156 ἐν
715 3094 824 3174 νόω
871 3098 1011 3175 ἔχων
1055 3096 1161 3171 τήν
1212 3098 1491 3177 ταχίστην
1531 3103 1586 3160 ἐς
1626 3099 1824 3162 Σουσα

217 3181 688 3258 στρατεύεσθαι’
662 3184 754 3243 επὶ
777 3182 878 3243 τᾶν
913 3183 1137 3264 Μάγον·
1180 3184 1277 3242 καί
1312 3188 1367 3243 οἱ
1407 3184 1823 3262 ἀναθρώσκοντι

219 3268 312 3327 ἐπὶ
360 3267 463 3347 τὸν
514 3268 705 3338 ἵππον,
751 3273 856 3329 τοῦ
903 3273 1139 3338 κουλεοῦ
1182 3274 1287 3330 τοῦ
1332 3271 1528 3346 ξίφεος
1571 3271 1606 3331 ὅ
1645 3271 1825 3349 μύκης
