2184 3517
365 113 466 160 222
953 109 1323 160 ἮΡοΔοτοτ
1830 110 1967 174 [111.

363 188 452 251 ὅτι
476 191 770 268 ἐκκομίσαι
792 216 858 251 τε
880 189 1149 250 ἀδύνατον
1175 189 1261 266 εἴη
1285 188 1558 270 ἀνθρώπῳ
1583 189 1935 267 ἀνθρωπον’
1906 219 1972 252 εκ

362 281 465 338 τοῦ
497 279 809 354 μέλλοντος
840 279 1099 360 γίνεσθαι
1130 277 1478 358 πρήγματος,
1517 277 1611 337 καὶ
1647 278 1738 338 ὅτι
1773 279 1876 339 οὔκ
1908 307 1975 341 ευ

362 365 720 442 τελευτήσειν
741 368 943 443 μέλλει
968 364 1340 442 Πολυκράτης
1365 364 1639 445 εύτυχέων
1660 365 1735 426 τά
1763 366 1972 439 πάντα,

363 480 426 518 ος
451 455 544 513 καὶ
571 453 645 515 τά
668 452 996 530 ἀποβάλλει
1021 452 1281 530 εύρίσκει·
1320 453 1550 531 πέμψας
1575 453 1639 512 δέ
1668 457 1725 513 οἶ
1753 453 1975 531 κήρυκα,

319 607 324 612 ,
365 547 422 606 ές
472 541 668 620 Σάμον
710 541 1040 603 διαλύεσθαι
1090 542 1203 617 ἔφη
1248 539 1353 617 τὴν
1399 540 1623 617 ξεινίην.
1716 541 1844 624 [τοῦ
1899 544 1974 620 δη

365 630 544 690 εἶνεκα
586 633 763 690 ταῦτα
808 629 1009 689 ἐποίεε·
1063 629 1155 689 ἶνα
1191 627 1291 704 μὴ,
1332 629 1636 707 συντυχίης
1679 629 1864 706 δεινῆς
1904 657 1974 692 τε

364 718 457 778 καὶ
484 717 736 799 μεγάλης
766 714 1139 794 Πολυκράτεα
1169 715 1625 792 καταλαβούσης,
1658 716 1827 781 αύτός
1866 716 1975 778 ἀλ·-

361 806 560 888 γήσειε
580 805 685 882 τὴν
710 804 897 885 ψυχὴν
922 804 993 868 ὥς
1016 803 1145 881 περὶ
1171 804 1351 874 ξείνου
1373 803 1619 886 ἀνδρός.]

270 896 348 956 44
444 893 573 954 Ἐπὶ
597 897 795 954 τοῦτον
814 892 883 969 δὴ
912 892 987 953 ὧν
1008 891 1112 953 τὸν
1137 891 1510 970 Πολυκράτεα
1537 891 1876 972 εὐτυχέοντα
1893 894 1973 955 τσῖ

363 981 547 1043 πάντα
577 981 973 1065 ἐστρατεύοντο
996 980 1443 1057 Λακεδαιμόνιοι,
1472 982 1974 1056 ἐπικαλεσαμένων

363 1075 474 1132 τῶν
506 1071 650 1149 μετὰ
685 1074 860 1130 ταῦτα
884 1068 1171 1144 Κυδωνίην
1203 1068 1309 1145 τήν
1339 1073 1398 1128 ἐν
1426 1068 1626 1147 Κρήτῃ
1655 1069 1974 1130 κτισάντων

364 1161 607 1237 Σαμίων.
673 1156 1042 1236 Πολυκράτης
1080 1157 1143 1217 δὲ
1174 1158 1403 1235 πέμψας
1438 1157 1593 1235 παρὰ
1636 1157 1975 1234 Καμβύσεα

361 1248 463 1309 τᾶν
497 1248 688 1326 Κύρου
722 1248 1077 1328 συλλέγοντα
1111 1246 1359 1323 στρατόν
1393 1245 1477 1305 ἐπ’
1511 1247 1820 1327 Αἴγυπτον,
1850 1246 1972 1306 ἐδε-

361 1334 474 1412 ήθη
492 1335 629 1400 ὅκως
653 1334 725 1396 ἂν
743 1336 837 1395 καὶ
860 1333 989 1411 παρ’
1010 1333 1212 1394 ἑωυτὸν
1228 1335 1458 1412 πέμψας
1482 1338 1539 1397 ἔς
1564 1332 1763 1410 Σάμον
1781 1334 1971 1395 δέοιτο

365 1427 630 1500 στρατοῦ·
672 1422 997 1499 Καμβύσης
1031 1421 1092 1480 δὲ
1129 1419 1378 1485 ἀκούσας
1413 1420 1624 1481 τούτων
1661 1421 1971 1500 προθύμως

366 1512 577 1590 ἔπεμψε
623 1515 679 1574 ἐς
725 1509 932 1587 Σάμον,
974 1508 1232 1586 δεόμενος
1252 1508 1677 1621 *Πολυκράτεος
1715 1535 1970 1586 στρατον

364 1597 623 1659 ναυτικὸν
667 1597 786 1675 ἅμα
830 1598 1053 1676 πέμψαι
1104 1623 1287 1706 εωυτῳε
1327 1595 1413 1656 ἐπ’
1455 1597 1762 1678 Αἶγιηττον·
1817 1625 1854 1658 ο
1903 1599 1969 1658 δὲ

366 1687 623 1757 ἐπιλέξας
670 1689 784 1746 τῶν
832 1684 1024 1746 ἀστων
1072 1710 1205 1749 τους
1253 1683 1543 1746 ὑπώπτευε
1594 1684 1856 1762 μάλιστα
1907 1691 1971 1750 ἐς

366 1774 764 1843 ἐπανάστασιν,
795 1772 1090 1851 ἀπέπεμπε
1119 1773 1540 1850 τεσσεράκοντα
1570 1771 1849 1850 τριήρεσι,
1881 1778 1967 1834 ἕν-

363 1861 687 1939 τειλάμενος
711 1860 1007 1941 Καμβύσῃ
1026 1860 1211 1921 ὀπίσω
1234 1860 1462 1925 τούτους
1484 1861 1569 1939 μή
1588 1860 1966 1938 ἀποπέμπειν.

271 1951 347 2011 45
367 1951 441 2009 Οἱ
464 1952 569 2026 μὲν
585 1949 654 2026 δὴ
674 1950 912 2031 λέγουσι
934 1949 1064 2012 τούς
1083 1948 1558 2027 ἀποπεμφθέντας
1582 1949 1811 2026 Σαμίων
1828 1948 1967 2032 [aiva

365 2035 781 2118 Πολυκράτεος]
808 2034 909 2096 ούκ
933 2035 1237 2096 ἀπικέσθαι
1262 2041 1319 2099 ἐς
1342 2037 1647 2118 Αἴγυπτον·
1677 2035 1816 2096 ἀλλ’
1843 2039 1973 2098 ε’πεί

364 2150 428 2185 τε
480 2125 732 2206 ἐγένοντο
778 2129 838 2185 ἐν
880 2122 1172 2202 Καρπάθῳ
1217 2125 1499 2195 πλέοντες,
1546 2123 1743 2185 δοῦναί
1781 2131 1966 2202 σφισι

365 2212 540 2295 λόγον
564 2213 662 2273 καί
682 2218 794 2289 σφι
820 2212 970 2272 ἁδεῖν
986 2211 1054 2271 τὰ
1073 2213 1412 2289 προσωτέρω
1433 2211 1634 2290 μηκέτι
1656 2212 1872 2273 πλέειν·
1907 2218 1967 2274 οἱ

366 2301 427 2362 δὲ
458 2299 696 2383 λέγουσι
726 2298 1092 2377 ἀπικομένους
1119 2324 1183 2359 τε
1214 2304 1272 2363 ἐς
1294 2300 1582 2381 Αἴγυπτον
1613 2301 1707 2359 καὶ
1734 2305 1966 2377 φυλασ-

364 2391 654 2468 σομένους,
688 2388 936 2450 ἐνθεῦτεν
973 2386 1176 2451 αὐτους
1203 2386 1533 2464 ἀποδρῆναι·
1574 2390 1968 2450 καταπλέουσι

367 2477 485 2537 δὲ’
457 2503 513 2542 ες
540 2477 646 2554 τὴν
671 2475 864 2554 Σάμον
889 2472 1260 2552 Πολυκράτης
1284 2477 1455 2551 νηυσὶ
1479 2475 1751 2540 ἀντιάσας
1775 2481 1834 2540 ἐς
1854 2477 1966 2553 μά·-

364 2590 475 2644 χην
504 2566 767 2641 κατέστη·
805 2563 1134 2640 νικήσαντες
1167 2563 1228 2622 δὲ
1264 2588 1318 2623 οι
1353 2563 1632 2628 κατιόντες
1654 2563 1967 2642 ἀπέβησαν

368 2657 425 2715 ἐς
456 2651 562 2728 τὴν
588 2655 785 2727 νῆσον·
826 2650 1320 2730 πεζομαχήσαντες
1345 2650 1407 2710 δὲ
1439 2677 1499 2711 εν
1528 2650 1675 2731 αύτῇ
1708 2652 1965 2729 εσσῶθη-

367 2764 496 2799 σαν·
538 2740 630 2800 καὶ
663 2738 805 2800 οὕτω
831 2738 900 2814 δή
933 2740 1135 2799 ἔπλεον
1167 2743 1223 2802 ές
1251 2739 1662 2817 Λακεδαίμονα.
1732 2741 1870 2821 (εἰσὶ
1901 2741 1969 2801 δὲ

361 2828 424 2886 ὀἳ
447 2823 684 2910 λέγουσι
715 2827 846 2889 τούς
880 2825 975 2885 ἀπ’
1003 2824 1291 2908 Αἰγύπτου
1315 2830 1543 2903 νικῆσαι
1568 2827 1967 2906 Πολυκράτεα,

361 2915 644 2994 λέγοντες,
686 2913 811 2991 ἐμοὶ
849 2912 1073 2984 δοκέειν,
1117 2912 1218 2973 ούκ
1257 2913 1452 2991 ὄρθῶς·
1495 2912 1656 2975 ούδὲν
1694 2915 1811 2996 γάρ
1848 2914 1969 2976 ἔδεε

360 3002 553 3075 ’σφέας
601 3001 1068 3076 Λακεδαιμονίους
1122 3001 1536 3071 ἐπικαλέεσθαι,
1592 3003 1748 3080 εἴπερ
1803 3002 1971 3064 αύτοὶ

362 3085 546 3146 ικανοὶ
582 3088 733 3163 ἦσαν
770 3087 1143 3165 Πολυκράτεα
1179 3089 1684 3166 παραστήσασθαι·
1723 3116 1866 3168 προς
1906 3091 1973 3151 δὲ

269 3167 277 3208 2
367 3171 635 3242 τούτοισι,
652 3173 777 3233 οὐδὲ
778 3173 1000 3284 λόγος
999 3175 1187 3251 αἱρέει,
1200 3179 1279 3255 τῷ
1298 3177 1585 3254 ἐπίκουρῶ
1607 3203 1671 3237 τε
1688 3180 1975 3255 μισθωτοὶ

363 3253 468 3310 καὶ
493 3257 717 3325 τοξόται
741 3258 942 3333 οἶκήῖοι
963 3258 1114 3338 ἦσαν
1136 3262 1346 3378 πλήθεΐ
1375 3264 1589 3324 πολλοὶ
1621 3267 1824 3327 τοῦτον
1855 3265 1977 3327 ὕπο
