2184 3517
203 137 493 203 172-174]
840 161 843 168 ›
900 139 1128 193 mmo.
1757 144 1823 191 ει

199 222 332 278 ἐστι
369 215 493 277 κατ’·
511 216 737 294 ἡλικίην
750 242 833 277 ,τε
866 216 959 276 καὶ
997 215 1284 293 φιλότητα
1316 217 1538 279 εἰλαδόν
1564 220 1821 302 συγγίνε·

198 306 349 366 σθαι
386 310 442 369 ἐς
479 302 670 376 πόσιν,
716 305 809 365 καὶ
849 303 1087 382 ἀνδράσι
1121 306 1215 365 καὶ
1250 306 1470 387 γυναιξὶ
1508 307 1600 366 καὶ
1632 309 1819 369 παισί.

199 393 564 471 ἶδρυνθέντων
596 393 660 452 δέ
693 398 809 468 σφι
843 395 974 469 ἱρῶν
1000 392 1262 464 ξεινικῶν,
1288 395 1584 470 μετέπειτα
1613 393 1683 458 ὥς
1708 402 1821 472 σφι

197 480 460 552 οἷπέδοξε,
501 480 681 562 (ἔδοξε
723 480 784 540 δὲ
820 484 975 541 τοῖσι
1012 482 1305 558 πατρίοισι
1334 486 1543 558 μοῦνον
1567 485 1824 561 χρᾶσθαι

199 569 433 650 θεοῖσι,)
475 568 721 633 ἐνδύντες
758 568 832 627 τοὶ
871 566 1026 629 ὅπλα
1062 566 1304 633 ἅπαντες
1341 567 1577 630 Καύνιοι
1601 570 1823 648 ἦβηδόν

198 656 504 721 τύπτοντες
544 655 780 734 δούρασι
818 655 918 717 τόν
955 655 1097 734 ἠέρα
1135 656 1306 735 μέχρι
1346 654 1522 735 οὔρων
1559 661 1670 719 τῶν
1702 665 1820 720 Κα-

199 745 477 810 λυνδικῶν
518 745 736 815 ἕποντο,
765 745 859 805 καὶ
894 745 1119 820 ἔφασαν
1155 743 1463 821 ἐκβάλλειν
1494 745 1625 809 τοῦς
1659 746 1818 817 ξεινι-

203 832 338 897 κοπὶς
367 832 542 898 θεούς.
593 834 686 892 καὶ
708 831 862 893 οὗτοι
886 834 992 910 μὲν
1009 831 1275 909 τρόποισι
1293 832 1599 894 τοιούτοισι
1616 835 1818 914 χρέων-

200 946 318 982 ται.
403 924 478 980 Οἱ
516 920 577 980 δὲ
601 920 802 981 Λύκιοι
834 926 895 980 ἐκ
930 919 1160 997 Κρήτης
1182 920 1461 1000 τώρχαῖον
1484 921 1776 1004 γεγόνασι.
1797 926 1912 986 173

199 1008 310 1084 τήν
333 1008 445 1090 γὰρ
474 1007 708 1087 Κρήτην
735 1008 889 1088 εἶχον
916 1006 984 1069 τό
1005 1007 1260 1085 4παλαιὸν
1284 1014 1478 1069 πᾶσαν
1503 1008 1816 1088 βάρβαροι·

200 1095 614 1176 διενειχθέντων
654 1097 715 1157 δὲ
756 1101 815 1157 ἐν
848 1094 1047 1176 Κρήτῃ
1078 1097 1209 1175 περὶ
1240 1101 1345 1173 τῆς
1371 1097 1685 1175 βασιληίης
1709 1103 1820 1161 τῶν

197 1183 478 1263 Εὐρώπης
501 1184 712 1245 παίδων
739 1183 1099 1262 Σαρπηδόνος
1127 1210 1191 1245 τε
1231 1185 1324 1244 καὶ
1363 1185 1554 1255 Μίνω,
1585 1185 1657 1249 ὦς
1696 1191 1816 1250 ἐπε-

199 1272 455 1350 κράτησε
491 1276 565 1353 τῇ
605 1272 811 1334 στάσει
843 1274 1050 1345 Μίνως,
1092 1272 1339 1349 ἐξήλασε
1377 1272 1547 1333 αὐτόν
1576 1297 1640 1334 τε
1673 1275 1817 1354 Σαρ-

198 1360 422 1437 πηδόνα
448 1362 541 1421 καὶ
562 1362 691 1425 τοῦς
721 1360 1043 1425 στασιώτας
1068 1360 1259 1421 αὐτοῦ·
1301 1365 1355 1422 οἶ
1381 1362 1441 1422 δὲ
1467 1360 1819 1429 ἀπωσθέντες

197 1447 474 1509 ἀπίκοντο
511 1453 612 1526 τῆς
634 1449 835 1526 Ἀσίης
874 1454 929 1513 ἐς
968 1455 1078 1531 γῆν
1116 1448 1221 1527 τήν
1246 1450 1533 1511 Μιλυάδα·
1574 1450 1680 1528 τήν
1701 1453 1816 1535 γὰρ

196 1540 299 1597 νῦν
323 1538 524 1599 Λύκιοι
557 1537 818 1615 νέμονται
854 1536 994 1614 αὕτη
1018 1537 1085 1599 τὸ
1109 1539 1357 1600 παλαιὰν
1379 1539 1450 1616 ἦν
1477 1539 1721 1605 Μιλυάς·
1761 1544 1817 1603 οἱ

193 1624 261 1684 δὲ
308 1625 530 1686 Μιλύαι
572 1626 702 1688 τότε
756 1625 1008 1703 Σόλυμοι
1048 1628 1364 1688 ἐκαλέοντο.
1429 1628 1564 1693 τέως
1601 1632 1705 1706 μὲν
1743 1630 1814 1707 δή

193 1712 386 1774 αὐτῶν
425 1713 735 1793 Σαρπηδών
773 1713 930 1794 ἦρχε,
973 1716 1028 1774 οἶ
1068 1716 1129 1776 δὲ
1170 1715 1466 1776 ἐκαλέοντο
1504 1715 1573 1777 τό
1610 1742 1718 1795 περ
1748 1744 1813 1779 τε

171 1801 492 1884 οἠνείκαντο
544 1803 755 1881 οὕνομα
801 1805 894 1862 καὶ
940 1807 1038 1864 νῦν
1081 1803 1163 1864 ἔτι
1213 1804 1508 1865 καλέονται
1552 1803 1664 1864 ὖπό
1703 1810 1814 1867 τῶν

195 1891 497 1968 περιοίκων
537 1895 591 1952 οἱ
629 1891 843 1962 Λύκιοι,
884 1890 1180 1969 Τερμίλαι·
1228 1890 1302 1955 ὥς
1340 1891 1400 1952 δέ
1440 1892 1503 1962 ἐξ
1537 1890 1816 1969 Ἀθηνέων

194 1978 389 2043 Λύκος
428 1975 463 2040 ὅ
502 1980 810 2044 Πανδίονος
852 1979 1177 2049 ἐξελασθεὶς
1216 1980 1310 2040 καὶ
1355 1978 1517 2044 οὗτος
1560 1980 1672 2043 find
1710 1987 1814 2043 τοῦ
1871 2031 1879 2038 .

191 2066 487 2143 ἀδελφεοῦ
534 2069 760 2150 Αἰγέως,
803 2067 1033 2128 ἀπίκετο
1081 2073 1137 2132 ἐς
1175 2068 1304 2132 τούς
1341 2069 1621 2147 Τερμῦιας
1658 2070 1813 2148 παρὰ

196 2154 560 2233 Σαρπηδόνα,
585 2156 731 2217 οὕτω
765 2155 834 2233 δή
869 2156 1009 2217 κατοῖ
1031 2160 1134 2217 τοῦ
1158 2155 1348 2218 Λύκου
1371 2156 1477 2232 τήν
1503 2159 1814 2235 ἐπωνυμίην

193 2242 404 2304 Λύκιοι
442 2242 548 2305 α’νοί
586 2244 790 2323 χρόνον
832 2244 1176 2321 ἐκλήθησαν·
1232 2243 1459 2320 νόμοισι
1498 2245 1559 2304 δὲ
1595 2244 1669 2305 τοὶ
1708 2250 1813 2324 μὲν

196 2336 546 2409 Κρητικοῖσι
589 2332 662 2393 τοὶ
701 2333 762 2393 δὲ
808 2338 1112 2410 Καρικοῖσι
1154 2333 1444 2412 χρέωνται·
1498 2331 1558 2392 ἓν
1590 2333 1652 2392 δὲ
1681 2333 1810 2395 τόδε

194 2420 348 2480 ἴδιον
377 2421 716 2499 νενομίκασι,
756 2423 849 2481 καὶ
879 2420 1178 2497 οὐδαμοῖσι
1218 2420 1455 2481 ἄλλοισι
1494 2420 1811 2498 συμφέρον·

193 2534 297 2569 ται
338 2507 658 2586 ἀνθρώπων·
703 2510 970 2572 καλέουσι
1009 2507 1123 2570 α’,πό
1153 2512 1266 2570 τῶν
1293 2508 1546 2587 μητέρων
1582 2511 1814 2576 ἐωυτοῦς

196 2598 296 2657 καὶ
332 2596 457 2657 οὐκὶ
484 2596 597 2659 οἷπό
629 2602 740 2659 τῶν
769 2598 1038 2675 πατέρων·
1082 2598 1367 2675 εἰρομένου
1400 2599 1461 2657 δὲ
1492 2598 1681 2676 ἐτέρου
1711 2599 1812 2662 τόν

193 2686 458 2762 πλησίον
498 2687 583 2749 τίς
630 2686 748 2762 εἴης
810 2685 1104 2755 καταλέξει
1154 2686 1354 2747 ἐωυτόν
1399 2685 1677 2765 μητρόθεν
1721 2689 1815 2749 καὶ

194 2777 304 2850 τῆς
337 2799 548 2884 μητρος
583 2773 942 2851 ανανεμέεται
971 2774 1072 2837 τοὶς
1104 2775 1365 2852 μητέρας·
1410 2776 1504 2835 καὶ
1526 2774 1596 2851 ἢν
1618 2776 1724 2853 μέν
1745 2795 1844 2859 γε·

192 2861 409 2944 γυνή’
371 2888 522 2937 αστη
547 2861 732 2943 δούλῳ
758 2861 1086 2941 συνοικήσῃ,
1123 2867 1351 2944 γενναῖα
1379 2862 1453 2923 τοὶ
1476 2864 1643 2924 τέκνα
1665 2864 1813 2924 νενό-
1839 2889 1846 2940 ξ

191 2975 424 3028 μισται·
483 2949 555 3026 ἢν
605 2950 666 3011 δὲ
718 2949 860 3027 οἷνηρ
911 2949 1087 3015 σῖστός
1139 2951 1231 3010 καὶ
1283 2950 1315 3010 ὁ
1367 2955 1586 3029 πρῶτος
1636 2950 1846 3013 αυτῶν·

190 3042 440 3121 γυναῖκα
493 3037 753 3116 ξείνην*
717 3066 756 3117 η
802 3038 1109 3114 παλλακὴν
1155 3040 1274 3117 ἔχῃ,
1318 3037 1491 3115 ἄτιμα
1532 3064 1604 3099 τα
1649 3038 1844 3132 τέκναί

138 3151 494 3294 “nl-{35:511
518 3243 616 3279 νυν
640 3220 830 3295 Καρες
850 3215 1007 3276 οὐδὲν
1032 3212 1353 3291 λαμπρον”
1323 3237 1486 3293 εργον
1511 3211 1776 3284 ἅποδεξά-
1797 3214 1912 3273 174

196 3329 387 3383 μενοι,
429 3304 823 3380 ἐδουλώθησαν
863 3301 975 3363 ὕπο
1019 3299 1327 3383 Ἀρποίγου,
1391 3325 1518 3360 ουτε
1563 3299 1720 3361 αυτοὶ
1760 3303 1815 3359 οἱ
