2184 3517
317 132 383 180 22
949 132 1319 183 ἮΡοΔοτοί·
1859 130 1933 195 [1.

224 210 302 270 49
320 211 568 289 χάλκεον
607 212 854 288 ἐπίθημα
897 209 1123 275 ἐπιθείς.
1204 210 1290 270 To}
1327 212 1433 287 μὲν
1470 209 1541 287 δὴ
1584 214 1644 270 ἐκ
1687 212 1939 286 Δελφῶν

50 690 54 693 ’
82 705 173 732 x*

321 295 462 357 οὕτω
497 302 576 377 τῷ
613 300 845 378 Κροίσῳ
881 298 1155 378 ἐχρήσθη·
1198 298 1340 359 κατά
1379 299 1439 358 δὲ
1470 297 1575 373 τὴν
1604 296 1939 376 Ἀμφιάρεω

317 382 442 467 [τοῦ
472 386 834 470 μαντηΐου]’
800 386 1115 465 απόκρισιν,
1146 386 1247 446 οὐκ
1283 388 1392 466 ἔχω
1428 383 1648 445 εἶπαι”
1616 411 1648 445 ο
1682 412 1739 446 τι
1775 389 1936 445 τοῖσι

320 473 560 535 Λυδοῖσι
580 476 786 554 ἔχρησε
805 474 1088 583 ποιῇσασι
1107 475 1237 553 περὶ
1262 474 1329 535 vd
1349 474 1467 551 ἶρόν
1486 500 1559 534 τα
1540 472 1936 551 νομιζόμενα·

323 559 389 622 οὗ
429 562 542 644 γάρ
588 562 663 623 ὦν
703 561 829 623 οὐδὲ
865 567 1032 623 τοῦτο
1071 563 1298 643 λέγεται
1338 561 1488 621 ἄλλο
1526 587 1596 644 γε
1633 561 1672 639 ἢ
1712 560 1802 622 ὅτι
1843 562 1940 621 καὶ

320 652 485 710 τοῦτο
514 649 739 728 ἐνόμισε
763 649 1033 728 μαντήϊον
1058 650 1289 729 ἀψευδὲς
1318 650 1604 726 ἐκτῆσθαι.

176 738 325 798 -50
405 738 570 798 Μετοὶ
588 738 650 798 δὲ
672 743 848 800 ταῦτα
868 739 1103 818 θυσίῃσι
1125 738 1416 821 μεγάλῃσι
1438 736 1540 800 τόν
1559 742 1618 798 ἐν
1645 740 1939 814 Δελφοῖσι

248 2328 269 2346 l
292 2324 297 2328 .

325 825 456 887 θεον
480 825 764 887 ἱλάσκετο·
799 825 998 903 κτήνεά
1021 852 1084 887 τε
1109 826 1234 908 γοῖρ
1243 826 1315 887 τοὶ
1342 825 1555 904 θύσιμα
1578 826 1760 885 πάντα
1778 850 1937 902 τρισ-

324 914 487 993 χίλια
530 915 713 985 ἔθυσε,
747 916 940 978 κλίνας
978 939 1042 974 τε
1084 914 1421 997 ἐπιχρύσους
1461 913 1552 973 καὶ
1595 912 1938 994 ἐπαργύρους

326 1002 418 1060 καὶ
458 1001 671 1078 φιάλας
707 1003 953 1082 χρυσέας
998 1002 1092 1062 καὶ
1140 1001 1340 1079 εἵματα
1382 998 1678 1080 πορφύρεα
1723 1001 1816 1059 καὶ
1858 1026 1938 1060 κι-

326 1088 519 1160 θωνας,
563 1089 779 1167 νηήσας
821 1088 1004 1169 πυρὴν
1052 1089 1327 1172 μεγάλην,
1372 1090 1643 1149 κατέκαιε·
1697 1088 1938 1160 ἐλπίζων

322 1175 421 1237 τόν
448 1176 575 1238 θεὸν
597 1176 826 1254 μᾶλλόν
846 1202 905 1238 τι
934 1175 1188 1238 τούτοισι
1219 1176 1657 1252 ἀνακτήσεσθαι·
1695 1175 1944 1236 Λυδοῖσί

323 1289 388 1324 τε
410 1290 558 1325 πασι
581 1269 831 1343 προεῖπε,
861 1263 1009 1325 θύειν
1039 1264 1224 1326 πάντα
1254 1263 1378 1325 τινοὶ
1411 1264 1590 1324 αύτῶν
1619 1261 1796 1343 τούτω
1820 1290 1855 1324 ο
1878 1288 1937 1324 τι

324 1353 446 1431 ἔχοι
481 1353 734 1417 ἕκαστος.
818 1351 890 1415 ὥς
926 1352 987 1412 δὲ
1022 1357 1085 1412 ἐκ
1118 1357 1221 1428 τῆς
1266 1353 1465 1428 θυσίης
1504 1351 1736 1433 ἐγένετο,
1770 1375 1936 1411 κατα-

322 1438 592 1519 χεάμενος
614 1438 831 1519 χρυσόν
862 1438 1125 1510 ἄπλετον,
1151 1437 1490 1517 ἡμιπλίνθια
1522 1439 1586 1510 ἐξ
1614 1437 1782 1499 αὐτοῦ
1812 1443 1839 1498 ε’
1893 1438 1935 1485 '-

325 1531 512 1588 λαυνε·
555 1528 647 1587 ἐπὶ
677 1530 784 1605 μὲν
815 1526 885 1587 τὰ
917 1526 1254 1606 μακρότερα,
1287 1528 1490 1588 ποιέων
1525 1525 1933 1597 ἑξαπάλαιστα·

325 1614 419 1675 ἐπὶ
448 1614 508 1674 δὲ
536 1613 609 1674 τά
640 1614 984 1695 βραχύτερα,
1009 1615 1410 1692 τριπάλαιστα·
1453 1614 1596 1695 ὕψος
1626 1615 1702 1687 δὲ,
1730 1619 1936 1675 παλαι-

325 1706 539 1784 στιαῖα·
571 1702 808 1781 ἀριθμὸν
832 1703 908 1774 δὲ,
935 1703 1299 1763 ἑπτακαίδεκα
1324 1703 1417 1762 καὶ
1443 1702 1654 1764 ἑκατόν·
1694 1703 1787 1763 καὶ
1808 1729 1934 1765 του-

322 1773 475 1862 τέων,
508 1785 769 1867 ἀπέφθου
802 1795 1019 1872 χρυσοῦ
1046 1792 1307 1870 τέσσαρα
1335 1790 1524 1868 τρίτον
1552 1791 1936 1869 ἡμιτάλαντον

326 1879 564 1940 ἕκαστον
607 1880 858 1952 ἕλκοντα,
890 1879 962 1940 τὰ
1005 1879 1066 1939 δὲ
1109 1878 1264 1939 ἅλλα
1309 1877 1692 1962 [ἡμιπλίνθια]
1731 1883 1936 1941 λευκοῦ

323 1968 541 2047 χρυσοῦ
567 1966 825 2045 σταθμόν
849 1966 1174 2027 διτάλαντα.
1233 1968 1478 2028 ἐποιέετο
1503 1967 1564 2027 δὲ
1590 1968 1683 2026 καὶ
1707 1968 1936 2032 λέοντος

327 2052 512 2116 εἰκόνα
533 2059 751 2135 χρυσοῦ
777 2053 1053 2131 ἀπέφθου,
1083 2055 1364 2116 ἕλκουσαν
1396 2053 1653 2133 σταθμόν
1683 2054 1935 2117 τάλαντα

326 2142 477 2202 δέκα·
510 2141 669 2206 οὗτος
688 2140 721 2203 ὅ
740 2142 899 2213 λέων,
922 2143 1045 2203 ἐπεί
1063 2167 1128 2202 τε
1154 2142 1470 2203 κατεκαίετο
1497 2141 1530 2204 ὅ
1557 2147 1617 2203 ἐν
1642 2146 1934 2220 Δελφοῖσι

327 2230 474 2307 νηός,
507 2231 780 2291 κατέπεσε
813 2228 926 2290 ἀπὸ
954 2233 1067 2291 τῶν
1102 2228 1495 2309 ἡμιπλινθίων·
1537 2229 1631 2289 ἐπὶ
1663 2229 1775 2311 γὰρ
1810 2231 1935 2292 τού·

327 2343 481 2379 τοισι
525 2318 730 2397 ἵδρυτο·
777 2316 871 2378 καὶ
908 2322 1009 2380 νῦν
1045 2321 1224 2378 κεῖται
1261 2323 1321 2379 ἐν
1362 2322 1442 2398 τῷ
1485 2319 1797 2396 Κορινθίων
1836 2320 1935 2396 θη-

328 2411 534 2488 σαυρῷ,
574 2408 749 2467 ἕλκων
784 2405 1040 2483 σταθμόν
1076 2405 1323 2486 ἕβδομον
1356 2405 1754 2483 ἡμιτάλαντον·
1803 2404 1935 2468 ἀπε-

233 2494 469 2570 51τάκη
491 2493 602 2576 γοὶρ
629 2493 797 2554 αὐτοῦ
821 2494 1085 2571 τέταρτον
1108 2492 1507 2572 ἡμιτάλαντον.
1565 2493 1938 2560 Ἐπιτελέσας

330 2581 392 2641 δὲ
417 2580 449 2641 ὁ
476 2584 729 2658 Κροῖσος
755 2585 931 2641 ταῦτα
959 2580 1255 2660 ἀπέπεμπε
1287 2587 1342 2647 ἐς
1373 2580 1641 2658 Δελφοῦς
1676 2583 1767 2642 καὶ
1802 2582 1936 2643 τάδε

329 2668 487 2729 ἀλλα
529 2667 647 2746 ἅμα
689 2672 864 2730 τοῖσι·
910 2673 1187 2747 κρητῆρας
1225 2668 1323 2731 δύο
1362 2670 1597 2752 μεγάθεΐ
1635 2669 1935 2752 μεγάλους,

329 2755 575 2837 χρύσεον
599 2756 692 2816 καὶ
717 2755 1002 2838 ἀργύρεον·
1042 2762 1154 2818 τῶν
1179 2755 1213 2818 ὅ
1235 2761 1341 2836 μὲν
1362 2757 1603 2837 χρύσεος
1630 2759 1812 2817 ἐκέετο
1843 2758 1937 2818 ἐπὶ

332 2845 486 2915 δεξιὰ
512 2843 721 2906 ἐσιόντι
747 2850 802 2909 ἐς
823 2844 925 2905 τᾶν
947 2844 1100 2922 νηόν,
1121 2844 1154 2905 ὁ
1180 2846 1240 2905 δὲ
1257 2844 1525 2927 ἀργύρεος
1544 2844 1628 2905 ἐπ’
1647 2843 1936 2922 ἀριστερά·

332 2932 797 3013 (μετεκινήθησαν
815 2933 876 2993 δὲ
895 2933 988 2992 καὶ
1007 2930 1163 2994 οὗτοι
1179 2932 1289 2994 ὖπό
1306 2933 1407 2995 τόν
1425 2933 1559 3009 νηόν
1577 2933 1935 3004 κατακαέντα,

333 3022 426 3082 καὶ
445 3021 477 3083 ὅ
494 3024 600 3100 μὲν
616 3021 857 3102 χρύσεος
876 3024 1051 3081 κεῖται
1071 3026 1131 3082 ἐν
1146 3026 1224 3101 τῷ
1242 3021 1640 3098 Κλαζομενίων
1655 3021 1936 3099 θησαυρῷ,

334 3110 509 3171 ἕλκων
534 3109 792 3187 σταθμόν
817 3110 1039 3170 ἔννατον
1059 3108 1441 3187 ἡμιτάλαντον
1467 3107 1558 3167 καὶ
1584 3109 1664 3168 ἔτι
1696 3106 1940 3167 δυώδεκα

330 3200 520 3276 μνέας·
559 3198 595 3260 ὅ
625 3199 685 3258 δὲ
714 3196 981 3279 ἀργύρεος
1013 3197 1106 3256 ἐπὶ
1139 3201 1242 3257 τοῦ
1275 3196 1545 3274 προνηίου
1578 3199 1682 3271 τῆς
1718 3196 1938 3277 γωνίης,

327 3287 553 3366 γωρέων
585 3285 877 3365 ἀμφορέας
908 3284 1250 3355 ἑξακοσίους·
1290 3283 1633 3361 ἐπικίρναται
1671 3281 1783 3364 γὰρ
1823 3280 1940 3343 iura

1987 1979 2098 2008 »xv-
