2184 3517
299 80 392 129 358
910 79 1277 129 ἨΡΟΔΟΤΟΤ
1782 78 1900 143 [IV.

297 156 645 237 ὁμοιόταται.
705 164 959 220 τοσαῦτα
983 160 1088 236 μέν
1118 186 1213 220 νυν
1240 160 1408 238 θηρία
1432 159 1471 236 ἦ
1496 161 1609 219 τῶν
1633 158 1910 236 Νομάδων

295 244 528 323 Λιβύων
557 251 635 328 γῆ
676 247 805 327 ἔχει,
835 247 977 308 ὅσον
1006 246 1170 324 ἡμεῖς
1208 248 1555 326 ἱστορέοντες
1586 247 1681 307 ἐπὶ
1703 246 1908 325 μακρό-

295 360 467 396 τατον
494 335 608 396 οἷοί
626 361 690 396 τε
715 335 1017 416 ἐγενόμεθα
1044 335 1345 405 ἐξικέσθαι.

206 427 320 485 193
407 424 652 495 Μαξύων
694 424 754 484 δὲ
795 423 1028 501 Λιβύων
1069 422 1315 499 Ζαύηκες
1358 424 1598 502 ἔχονται,
1645 425 1802 483 τοῖσι
1852 428 1909 483 αῖ

206 514 320 574 194
339 516 595 596 γυναῖκες
619 512 911 591 ’ἡνιοχεῦσι
935 512 1007 572 τοὶ
1026 512 1251 590 ἅρματα
1273 517 1329 575 ἐς
1341 511 1440 572 τὸν
1456 511 1734 588 πόλεμον.
1774 512 1908 571 Τού-

294 627 406 663 των
443 601 503 663 δὲ
539 599 809 671 Γύζαντες
841 600 1078 679 ἔχονται,
1113 605 1171 660 ἐν
1198 603 1353 659 τοῖσι
1387 600 1523 676 μέλι
1557 602 1663 676 μὲν
1688 600 1912 661 πολλόν

296 691 576 768 μέλισσαι
603 687 1051 769 κατεργάζονται,
1079 692 1281 768 πολλῷ
1307 689 1353 747 δ’
1382 689 1462 747 ἔτι
1485 689 1668 748 πλέον
1686 689 1912 769 λέγεται

297 776 666 858 δημιουργοῦς
690 775 891 855 ἄνδρας
915 777 1143 837 ποιέειν·
1175 780 1506 854 μιλτοῦνται
1534 775 1581 834 δ’
1609 775 1684 836 ὦν
1710 776 1914 840 πάντες

300 865 469 936 οὗτοι,
503 866 598 926 καὶ
631 866 1142 948 πιθηκοφαγέουσι·
1183 867 1236 925 οἶ
1269 865 1332 924 δέ
1365 870 1479 940 σφι
1505 861 1751 940 ἄφθονοι
1781 864 1911 925 ὅσοι

212 958 324 1014 195
343 958 567 1016 ἐντοῖσι
594 953 786 1032 οὔρεσι
809 954 1077 1035 γίνονται.
1138 952 1306 1013 Κατοὶ
1330 952 1557 1015 τούτους
1582 951 1644 1011 δὲ
1668 954 1913 1034 λέγουσι

299 1043 677 1123 Καρχηδόνιοι
698 1042 923 1102 κέεσθαι
939 1046 1119 1118 νῆσον
1134 1045 1207 1119 τῇ
1227 1040 1437 1118 οὕνομα
1452 1040 1592 1101 εἶναι
1608 1040 1909 1117 Κύραυνιν,

296 1134 478 1209 μῆκος
515 1133 620 1207 μὲν
661 1130 959 1207 διηκοσίων
1002 1130 1245 1190 σταδίων
1298 1128 1517 1193 πλάτος
1558 1129 1620 1188 δὲ
1661 1129 1910 1206 στεινὴν,

299 1219 574 1295 διαβατὸν
621 1223 683 1279 ἐκ
728 1223 830 1295 τῆς
882 1218 1133 1295 ἠπείρου,
1177 1218 1407 1277 ἐλαιέων
1446 1243 1509 1277 τε
1549 1217 1772 1295 μεστὴν
1819 1220 1911 1278 καὶ

299 1305 585 1383 ἀμπέλων·
614 1308 819 1384 λίμνην
841 1307 899 1366 δὲ
927 1311 985 1366 ἐν
1006 1306 1148 1385 αὐτῇ
1170 1298 1323 1377 εἶναι,
1353 1311 1414 1365 ἐκ
1438 1309 1540 1382 τῆς
1561 1309 1619 1364 αἱ
1639 1306 1912 1383 παρθένοι

295 1398 406 1454 τῶν
434 1396 737 1473 ἐπιχωρίων
762 1398 1022 1471 πτεροῖσι
1048 1392 1281 1473 ὀρνίθων
1314 1395 1695 1473 κεχριμένοισι
1718 1395 1910 1473 πίσσῃ

297 1487 358 1541 ἐκ
402 1485 503 1557 τῆς
557 1483 710 1546 ἰλύος
756 1486 958 1564 ψῆγμα
1007 1482 1358 1559 ἀναφέρουσι
1401 1486 1644 1561 χρυσοῦ.
1727 1487 1909 1543 ταῦτα

299 1574 346 1629 εἰ
375 1570 481 1648 μέν
509 1574 631 1630 ἐστι
661 1569 913 1647 ἀληθέως
940 1570 1039 1630 οὐκ
1066 1571 1206 1641 οἶδα,
1235 1571 1307 1630 τοὶ
1333 1571 1394 1630 δὲ
1420 1571 1648 1651 λέγεται
1674 1570 1903 1651 γράφω·

299 1660 382 1735 εἴη
420 1657 469 1719 δ’
509 1656 578 1719 ἂν
617 1663 749 1719 πᾶν·
793 1659 926 1720 ὅκου
961 1660 1052 1718 καὶ
1089 1665 1148 1719 ἐν
1181 1658 1443 1738 Ζακύνθῳ
1475 1664 1536 1718 ἐκ
1567 1659 1775 1736 λίμνης
1812 1661 1907 1719 καὶ

295 1746 492 1810 ὕδατος
517 1740 747 1808 πίσσαν
769 1747 1193 1826 ἀναφερομένην
1220 1746 1387 1810 αὐτὸς
1424 1747 1532 1828 ἐγώ
1559 1746 1750 1824 ὦρεον.
1793 1749 1906 1808 εἶσὶ

295 1838 400 1912 μὲν
438 1837 529 1894 καὶ
563 1840 802 1899 πλεῦνες
837 1839 896 1895 αἱ
932 1837 1131 1914 λίμναι
1166 1834 1379 1906 αὐτόθι,
1407 1835 1445 1911 ἦ
1473 1836 1532 1894 δὲ
1559 1834 1635 1895 ὦν
1658 1837 1906 1918 μεγίστη

300 1923 505 1982 αὐτέων
523 1923 914 2000 ἑβδομήκοντα
932 1925 1119 1985 ποδῶν
1137 1924 1320 2000 πάντη
1342 1924 1526 2000 βάθος
1544 1924 1605 1982 δὲ
1627 1923 1907 2005 διόργυιός

298 2017 438 2071 ἐστι·
481 2016 536 2075 ἐς
566 2011 772 2088 ταύτην
808 2011 1007 2072 κοντόν
1041 2017 1281 2073 κατιεῖσι
1320 2011 1403 2071 ἐπ’
1440 2011 1590 2092 ἄκρῳ
1623 2013 1906 2091 μυρσίνην

292 2097 734 2175 προσδήσαντες,
777 2101 869 2158 καὶ
914 2101 1103 2160 ἔπειτα
1150 2099 1498 2177 ἀναφέρουσι
1536 2104 1610 2179 τῇ
1655 2102 1905 2181 μυρσίνῃ

293 2187 530 2259 πίσσαν,
572 2187 750 2264 ὀδμήν
789 2191 893 2266 μὲν
933 2191 1178 2268 ἔχουσαν
1212 2187 1518 2265 ἀσφάλτου
1551 2189 1625 2249 rot
1665 2188 1714 2247 δ’
1731 2187 1906 2249 ,ἅλλα

292 2280 395 2351 τῆς
421 2281 688 2353 Πιερικῆς
707 2278 924 2353 πίσσης
940 2276 1165 2354 ἀμείνω.
1223 2277 1490 2356 ἐσχέουσι
1519 2277 1579 2335 δὲ
1607 2282 1662 2339 ἐς
1687 2276 1908 2338 λάκκον

293 2362 677 2445 ὀρωρυγμένον
700 2365 882 2447 ἀγχοῦ
908 2371 1009 2441 τῆς
1034 2367 1256 2444 λίμνης·
1298 2365 1467 2425 ἐπεάν
1494 2365 1553 2424 δὲ
1580 2364 1902 2442 ἀθροίσωσι

295 2452 526 2530 συχνὴν,
585 2453 728 2514 οὕτω
780 2459 836 2517 ἐς
884 2453 1014 2517 τούς
1073 2453 1366 2531 ἀμφορέας
1419 2457 1480 2512 ἐκ
1532 2456 1635 2512 τοῦ
1687 2452 1903 2512 λάκκου

295 2541 653 2618 καταχέουσι·
699 2541 734 2601 ὅ
766 2566 823 2602 τι
860 2540 905 2600 δ’
940 2538 1009 2600 ἂν
1042 2541 1265 2621 ἐσπέσῃ
1304 2546 1359 2605 ἐς
1398 2540 1502 2617 τήν
1531 2541 1758 2618 λίμνην,
1790 2540 1900 2601 ὖπό

291 2629 401 2706 ’γῆν
430 2626 514 2687 ἶόν
544 2625 909 2704 ἀναφαίνεται
936 2634 994 2688 ἐν
1016 2632 1090 2708 τῇ
1118 2629 1407 2708 θαλάσσῃ·
1450 2627 1488 2704 ἦ
1516 2628 1576 2688 δὲ
1602 2627 1803 2708 ἀπέχει
1829 2629 1901 2692 οἷς

292 2714 540 2791 τέσσερα
581 2715 788 2775 στάδια
822 2714 933 2776 ἀπὸ
969 2720 1071 2793 τῆς
1110 2717 1330 2794 λίμνης.
1416 2715 1557 2776 οὕτω
1594 2715 1670 2777 ὧν
1708 2718 1803 2776 καὶ
1825 2718 1898 2777 ταῖ

292 2800 405 2859 ἀπὸ
431 2806 530 2876 τῆς
566 2800 745 2877 νήσου
782 2808 883 2879 τῆς
915 2805 1008 2862 ε’τή
1041 2802 1234 2884 Λιβύῃ
1268 2805 1522 2882 κειμένης
1554 2804 1746 2865 οἰκότα
1774 2806 1897 2865 ἐστὶ

292 2886 551 2965 ἀληθηΐῃ.

203 2971 313 3025 196
414 2976 664 3054 Λέγουσι
717 2976 777 3036 δὲ
824 2979 915 3036 καὶ
956 2979 1088 3038 τάδε
1137 2980 1544 3060 Καρχηδόνιοι·
1605 2980 1746 3042 εἶναι
1796 2986 1898 3058 τῆς

293 3057 512 3131 Λιβύης
553 3061 738 3137 χῶρόν
778 3089 841 3123 τε
896 3066 988 3124 καὶ
1029 3066 1353 3145 ἀνθρώπους
1395 3068 1497 3138 ἔξω
1535 3068 1899 3147 Ἡρακληΐων
1945 3096 1957 3107 ·

294 3144 547 3241 στηλέων
573 3154 1014 3225 κατοικημένους,
1043 3160 1099 3218 ἐς
1117 3156 1247 3220 τούς
1274 3157 1442 3217 ἐπεοὶν
1468 3156 1777 3218 ἀπίκωνται
1806 3160 1899 3220 καὶ

297 3218 585 3284 ἔξελωνται
623 3231 695 3287 τοὶ
736 3238 958 3310 φορτία,
993 3242 1178 3306 θέντες
1209 3245 1349 3304 αὐτοὶ
1377 3246 1578 3322 ἐπεξῆς
1609 3247 1765 3321 παρὰ
1793 3247 1900 3322 τὴν

301 3428 485 3442 ῳ
