2184 3517
334 106 431 156 312
939 100 1305 153 'HPOAOTO'I‘
1853 101 1937 166 [I.

331 179 474 257 πρὸς
498 179 629 244 τοῦς
653 178 892 254 Σκύθας,
915 182 1115 261 λέγων·
1144 191 1180 216 “
1195 180 1332 257 ἡμῖν
1355 178 1467 262 γάρ
1495 168 1858 258 καταγελᾶτε,
1890 179 1946 241 ὦ

337 267 564 337 Σκύθαι,
592 265 680 327 ὅτι
703 267 1058 346 βακχεύομεν
1085 269 1178 326 καὶ
1203 267 1379 345 ἧμέας
1404 267 1437 327 6
1464 267 1590 332 θεὸς
1619 267 1940 343 λαμβάνει·

333 358 432 416 νῦν
456 352 618 418 οὗτος
642 354 674 415 6
702 355 911 431 δαίμων
936 355 1028 414 καὶ
1053 355 1153 415 τόν
1181 354 1447 431 ὑμέτερον
1480 355 1737 430 βασιλέα
1760 354 1942 413 λελά-

333 445 497 519 βηκε,
527 444 619 503 καὶ
642 441 913 522 βακχεύει
936 466 1001 502 τε
1026 441 1120 501 καὶ
1143 440 1254 501 &vra
1279 445 1381 501 τοῦ
1409 443 1539 502 θεοῦ
1564 442 1840 517 μαίνεται·
1885 445 1943 501 εἰ

333 530 399 590 δέ
412 555 512 607 μοι
529 529 837 599 ἀπιστέετε,
856 529 1074 603 ἔπεσθε,
1092 529 1184 588 καὶ
1203 527 1335 606 ύμῖν
1354 528 1465 610 ἐγώ
1479 527 1687 598 &effla-'⁹
1708 528 1941 589 εἵποντο

330 621 443 678 τιῦν
468 617 721 682 Σκυθέων
756 619 810 677 οἱ
840 619 1233 693 προεστεῶτες·
1276 617 1369 675 καὶ
1403 614 1604 679 αὐτοῦς
1633 614 1941 697 ἀναγαγών

334 704 369 765 ὅ
394 704 827 782 Βορυσθενεΐτης
852 704 1039 781 λάθρη
1070 705 1163 763 ἐπὶ
1189 702 1405 784 πύργον
1435 706 1680 764 κατεῖσε·
1721 705 1847 763 ε’πεί
1866 729 1940 764 τε

333 792 395 852 δὲ
436 791 638 869 παρήῖε
679 791 788 852 σῦν
826 796 906 870 τῷ
946 792 1126 871 θιάσῳ
1168 790 1201 851 ὁ
1245 791 1468 868 Σκύλης
1510 791 1604 850 καὶ
1646 789 1793 851 εἶδόν
1831 817 1939 868 μιν

335 880 689 960 βακχεύοντα
727 882 782 939 οἱ
822 878 1049 966 Σκύθαι,
1099 878 1275 956 κάρτα
1321 877 1628 956 συμφορην
1672 878 1937 959 μεγάλην

339 968 692 1044 ἐποιήσαντο,
714 957 1031 1038 ἐξελθόντες
1056 967 1169 1026 δὲ’
1142 966 1449 1044 εσήμαινον
1474 965 1635 1045 πάσῃ
1659 970 1731 1045 τῇ
1757 992 1937 1043 στρα-

239 1058 317 1117 80
333 1061 425 1135 τιῇ
450 1056 521 1117 τά
546 1057 732 1117 ἴδοιεν·
773 1055 845 1119 ὥς
876 1055 935 1114 δὲ
965 1055 1111 1132 μετὰ
1143 1059 1322 1115 ταῦτα
1351 1054 1683 1130 ἐξήλαυνε“
1649 1081 1681 1114 ο
1709 1054 1939 1130 Σκύλης

337 1149 393 1208 ἐς
430 1144 571 1221 ἤθεα
608 1142 681 1203 τοὶ
720 1146 936 1216 ἑωυτοῦ,
978 1145 1035 1202 οἱ
1076 1141 1287 1206 Σκύθαι
1333 1140 1794 1219 προστησάμενοι
1830 1143 1939 1203 τὸν

334 1231 613 1310 ἀδελφεὰν
664 1230 834 1291 αὐτοῦ
887 1229 1327 1306 Ὀκταμασάδην
1382 1228 1657 1311 γεγονότα
1713 1234 1777 1289 ἐκ
1827 1234 1939 1305 τῆς

333 1319 523 1396 Τήρεω
548 1318 835 1400 θυγατρός,
853 1318 1218 1377 ἐπανιστέατο
1242 1321 1320 1396 τῷ
1346 1316 1555 1396 Σκύλῃ·
1585 1317 1616 1377 ὅ
1643 1316 1717 1390 δὲ,
1736 1317 1940 1394 μαθὼν

333 1406 401 1466 τὰ
424 1406 714 1487 γινόμενον
739 1404 823 1466 ἐπ’
841 1409 1018 1484 ἑωυτῷ
1043 1406 1136 1464 καὶ
1160 1406 1264 1481 τὴν
1288 1406 1470 1481 αἰτίην
1489 1402 1557 1463 δι’
1573 1404 1644 1479 ἢν
1665 1405 1935 1477 ἐποιέετο,

334 1492 671 1573 καταφεύγει
706 1498 762 1557 ἐς
792 1493 896 1568 τήν
935 1494 1199 1569 Θρηΐκην·
1239 1491 1551 1569 πυθόμενος
1577 1492 1636 1552 δὲ
1662 1491 1695 1552 6
1728 1492 1937 1553 Ὀκτα-

332 1580 592 1657 μασάδης
608 1584 798 1653 ταῦτα,
819 1579 1183 1657 ἐστρατεύετο
1204 1580 1293 1639 ε’πὶ
1312 1579 1418 1655 τήν
1437 1580 1700 1657 Θρηΐκην·
1728 1583 1850 1639 ἐπεί
1867 1606 1937 1642 τε

336 1668 396 1727 δὲ
423 1668 514 1727 ε’πὶ
537 1670 615 1746 τῷ
642 1667 848 1746 Ἴστρῳ
880 1668 1116 1747 ἐγένετο,
1143 1667 1416 1742 ἠντίασάν
1454 1692 1553 1743 μιν
1579 1670 1634 1727 οἳ
1671 1666 1932 1743 Θρήϊκες·

333 1754 657 1833 μελλόντων
671 1755 732 1814 δὲ
747 1754 925 1816 αὐτῶν
940 1755 1227 1833 συνάψειν,
1249 1757 1463 1834 ἔπεμψε
1484 1755 1764 1831 Σιτάλκης
1777 1756 1939 1834 παρὰ

333 1843 436 1904 τᾶν
458 1841 896 1920 Ὀκταμασάδην
922 1843 1105 1923 λέγων
1127 1842 1334 1903 τοιάδε·
1359 1844 1420 1904 τί
1442 1843 1527 1902 δεῖ
1547 1842 1724 1920 ἡμέας
1747 1842 1933 1920 ἀλλή-

331 1935 448 1991 λων
471 1931 825 2007 πειρηθῆναι;
855 1930 931 1994 εἷς
949 1931 1053 2006 μέν
1071 1956 1178 2007 μευ
1195 1935 1295 2006 τῆς
1321 1929 1601 2007 ἀδελφεῆς
1624 1934 1770 2001 παῖς,
1788 1933 1937 2010 ἔχεις

333 2018 397 2078 δέ
419 2044 525 2095 μευ
550 2017 849 2095 ἀδελφεόν·
891 2018 967 2078 σύ
991 2018 1041 2079 τ’
1069 2020 1195 2095 ἐμοὶ
1226 2018 1434 2082 ἀπόδος
1457 2023 1673 2089 τοῦτον,
1701 2020 1795 2078 καὶ
1821 2020 1934 2100 ἐγώ

332 2108 431 2167 σοὶ
447 2106 547 2167 τὸν
567 2106 673 2167 cdv
700 2105 924 2182 Σκύλην
941 2106 1308 2184 παραδίδωμι·
1336 2110 1574 2185 στρατιῇ
1601 2107 1662 2167 δὲ
1684 2107 1827 2182 μήτε
1853 2108 1936 2168 σῦ

335 2194 700 2275 κινδυνεύσῃς,
724 2193 854 2272 μήτ’
882 2194 1007 2276 ἐγώ·
1048 2195 1223 2254 ταῦτά
1250 2198 1305 2254 οἱ
1328 2196 1555 2274 πέμψας
1586 2194 1619 2255 ὅ
1652 2195 1936 2272 Σιτάλκης

334 2283 777 2360 ἐπεκηρυκεύετο·
809 2280 883 2358 ἦν
909 2281 1019 2363 γὰρ
1052 2276 1205 2359 παραὶ
1230 2287 1308 2361 τῷ
1331 2281 1738 2362 Ὀκταμασάδη
1769 2283 1932 2343 ἀδελ-

334 2370 471 2446 φεός
498 2370 797 2439 Σιτάλκεω,
824 2369 1117 2450 πεφευγώς
1147 2373 1364 2430 τοῦτον·
1405 2370 1438 2430 ὁ
1470 2370 1531 2430 δὲ
1569 2368 1932 2447 Ὀκταμασά-

334 2457 432 2534 δης
468 2459 737 2519 καταινέει
768 2461 961 2528 ταῦτα,
989 2456 1317 2520 ε’κδιδοῦςδέ
1350 2456 1450 2518 τόν
1477 2461 1677 2518 ἑωυτοῦ
1700 2458 1935 2536 μήτρωα

333 2544 581 2624 Σιτάλκῃ
608 2547 785 2623 ἔλαβε
808 2545 908 2606 τὸν
933 2544 1212 2620 ἀδελφεὰν
1266 2544 1505 2621 Σκύλην·
1535 2546 1628 2605 καὶ
1654 2546 1935 2624 Σιτάλκης

330 2635 435 2708 μὲν
472 2632 824 2708 παραλαβών
853 2632 954 2693 τᾶν
988 2631 1268 2708 ἀδελφεὸν
1301 2632 1571 2713 ἀπήγετο·
1614 2633 1838 2698 Σκύλεω
1870 2636 1935 2695 δὲ

332 2717 766 2795 Ὀκταμασάδης
806 2719 978 2780 αὐτοῦ
1014 2719 1191 2798 ταύτῃ
1230 2719 1480 2797 ἀπέταμε
1517 2720 1621 2795 τὴν
1657 2721 1934 2798 κεφαλήν.

332 2803 473 2865 οὕτω
497 2807 602 2881 μὲν
625 2806 1066 2882 περιστέλλουσι
1089 2807 1163 2867 τοὶ
1190 2808 1443 2885 σφέτερα
1466 2807 1671 2885 νόμαια
1704 2807 1933 2881 Σκύθαι,

335 2895 489 2952 τοῖσι
528 2893 588 2950 δὲ
627 2895 1112 2970 παρακτωμένοισι
1152 2894 1418 2963 ξεινικοῦς
1459 2894 1664 2974 νόμους
1700 2900 1933 2957 τοιαῦτα

332 2978 580 3051 ἐπιτίμια
606 2977 843 3038 διδοῦσι.

239 3065 310 3121 81
412 3063 648 3135 Πλῆθος
699 3064 759 3122 δὲ
808 3090 876 3125 το
931 3066 1188 3129 Σκυθέων
1233 3067 1335 3127 οὐκ
1382 3067 1500 3131 οἷός
1542 3095 1606 3129 τε
1662 3066 1935 3149 ἐγενόμην

332 3147 596 3221 ἀτρεκεως
621 3150 916 3219 πυθέσθαι,
934 3151 1089 3211 ἀλλα
1119 3154 1422 3230 διαφόρους
1448 3156 1653 3237 λόγους
1676 3155 1807 3231 περὶ
1829 3179 1936 3213 του

331 3230 633 3305 ἀριθμοῦ”
594 3261 814 3309 ηκουον·
843 3237 935 3293 καὶ
960 3237 1069 3317 γὰρ
1099 3239 1275 3315 κάρτα
1294 3242 1548 3305 πολλους
1571 3242 1708 3303 ειναι
1695 3243 1936 3316 ’σφεας,
