2184 3517
330 112 390 160 16
915 106 1281 158 ἭΡοΔοτοί·
1851 104 1926 170 [1.

327 185 576 267 εὖτυχέα.
641 213 715 247 τα
736 184 919 248 πάντα
941 187 1046 263 μέν
1063 211 1161 247 νυν
1176 188 1355 247 ταῦτα
1378 162 1702 263 συλλαᾚεῖν
1720 183 1930 264 ἅνθρω-

325 301 435 336 πον
461 274 620 335 ἐόντα
643 271 960 334 ἀδύνατόν’
935 298 1072 343 εστι,
1095 299 1284 351 ωσπερ
1308 271 1462 352 χώρη
1483 271 1710 351 ουδεμίᾳ
1730 298 1930 352 καταρ-

327 363 439 422 κεέι
476 360 678 435 πάντα,
696 364 867 440 ἑωυτῇ
903 361 1249 440 παρέχουσα,
1292 359 1448 420 ἀλλὰ
1482 358 1632 420 ἄλλο
1671 362 1774 437 μὲν
1814 362 1933 440 ἔχει

328 450 514 527 ἐτέρου
540 448 602 507 δὲ
632 447 920 507 ἐπιδέεται·
959 446 999 523 ἢ
1025 447 1085 507 δὲ
1116 445 1186 507 ἂν
1206 446 1279 507 τὰ
1307 449 1556 508 πλεῖστα
1580 448 1697 527 ἔχῃ,
1724 446 1933 526 ἀρίστη

327 534 486 612 αὕτη·
529 534 602 598 ὃς
629 535 691 594 δὲ
723 535 814 594 καὶ
850 533 1141 612 ἀνθρώπου
1175 538 1343 612 σῶμα
1378 534 1438 595 ἓν
1473 533 1630 595 οὐδὲν
1666 532 1934 612 αὔταρκές

331 627 473 683 ἐστι·
511 621 580 683 τὰ
605 624 711 699 μὲν
734 621 845 703 γὰρ
870 622 1000 701 ἔχει,
1026 621 1211 682 ἄλλου
1236 622 1297 682 δὲ
1321 621 1495 686 ἐνδεές
1521 627 1661 682 ἐστι·
1700 621 1764 686 ὃς
1787 620 1834 682 δ’
1859 620 1935 684 ἂν

328 708 507 770 αὐτῶν
538 712 786 769 πλεῖστα
810 710 949 787 ἔχων
979 708 1253 788 διατελέῃ,
1281 708 1375 768 καὶ
1399 709 1589 768 ἔπειτα
1617 708 1934 791 τελευτήσῃ

331 796 670 875 εὐχαρίστως
686 795 786 856 τόν
802 797 953 873 βίον,
970 793 1133 859 οὗτος
1148 793 1280 872 παρ’
1297 796 1421 872 ἐμοὶ
1437 795 1504 856 τὰ
1521 794 1730 873 οὕνομα
1747 800 1931 868 τοῦτο,

332 882 377 943 ὦ
397 886 664 960 βασιλεῦ,
690 881 899 948 δίκαιός
929 888 1053 942 ἐστι
1075 882 1371 960 φέρεσθαι.
1437 883 1699 944 σκοπέειν
1728 883 1789 963 δὲ
1817 884 1936 963 χρὴ

329 970 538 1036 παντός
558 968 845 1082 χρήματος
865 995 971 1046 την
991 969 1258 1045 τελευτὴν
1281 974 1355 1047 κῆ
1378 968 1754 1046 αποβήσεται·
1789 976 1933 1031 πολ-

332 1062 494 1119 λοῖσι
535 1085 647 1141 γαρ
692 1058 761 1134 δη
804 1056 1075 1128 ὑποδέξας
1118 1056 1303 1134 ὄλβον
1343 1084 1379 1118 ο
1425 1057 1567 1126 θεος,
1606 1058 1935 1136 προρρίζους

239 1148 316 1208 33
332 1144 647 1225 ἅνέτρεψεῖ’
726 1149 915 1206 Ταῦτα
951 1145 1134 1226 λέγων
1170 1149 1249 1223 τῷ
1287 1144 1518 1252 Κροίσω
1558 1169 1623 1204 ου
1663 1170 1768 1207 κως
1806 1143 1936 1207 οὔτε

333 1235 631 1314 ἐχαρίζετο,
658 1232 786 1297 οὔτε
814 1231 991 1313 λόγον
1013 1257 1114 1309 μιν
1142 1231 1518 1309 ποιησάμενος
1549 1230 1833 1295 οὖδενος’
1797 1257 1935 1292 απο-

335 1322 628 1398 πέμπεται,
657 1320 832 1398 κάρτα
857 1318 1020 1387 δόξας
1049 1317 1349 1396 ἅμαθέα’
1294 1344 1449 1390 ειναι,
1475 1318 1540 1383 ὃς
1560 1344 1634 1378 τα
1655 1318 1937 1396 παρεόντα

336 1407 523 1489 σῖγαθα
560 1408 743 1486 μετεὶς
779 1405 885 1483 τήν
920 1404 1219 1482 τελευτὴν
1224 1405 1431 1470 παντός
1472 1403 1761 1486 χρήματος
1797 1404 1936 1484 ορᾶν

338 1496 575 1555 ἐκέλευε.

241 1584 319 1642 34
419 1582 583 1643 Μετοὶ
608 1583 670 1643 δὲ
695 1581 926 1649 Σόλωνα
946 1581 1252 1662 οἰχόμενον,
1274 1582 1505 1659 ἔλαβε’
1478 1607 1540 1642 εκ
1565 1582 1694 1643 θεοῦ
1711 1582 1937 1659 νέμεσις

333 1669 557 1752 μεγάλη
596 1675 865 1748 Κροῖσον·
908 1669 1007 1750 (ὥς
1052 1669 1287 1740 εἰκάσω,
1330 1668 1422 1730 ὅτι
1466 1668 1693 1747 ἐνόμισε
1737 1667 1938 1729 ἐωντὸν

338 1758 476 1818 εἶναι
507 1756 805 1836 σ’,νθρῶπων
834 1757 1090 1868 απάντων
1120 1756 1517 1839 ολβιῶτατον·)
1558 1755 1755 1816 αυτίκα
1786 1755 1848 1815 δέ
1880 1757 1937 1816 οἰ

337 1844 548 1906 εὕδοντι
567 1844 831 1922 ἐπέστη”
798 1840 1020 1924 ονειρος,
1040 1844 1105 1908 ὅς
1123 1848 1178 1904 οἱ
1194 1843 1298 1920 τήν
1316 1843 1591 1921 ἀληθηιην
1612 1844 1804 1920 ἔφαινε
1824 1846 1938 1903 τῶν

334 1934 658 2011 μελλόντων
680 1933 945 2016 γενέσθαι
969 1936 1152 2009 κακῶν
1171 1931 1313 1992 κατὰ
1334 1957 1436 1992 τον
1457 1930 1656 1991 παῖδα.
1706 1929 1858 2006 ἦσαν
1875 1929 1938 1990 δὲ

333 2025 413 2099 τῷ
447 2021 677 2100 Κροίσῳ
710 2020 808 2080 δύο
843 2021 1050 2090 παῖδες,
1075 2024 1187 2080 τῶν
1221 2017 1444 2096 οὕτερος
1475 2020 1580 2095 μὲν
1615 2016 1935 2095 διεφθαρτο,

338 2106 433 2189 (ἦν
453 2107 563 2190 γὰρ
589 2107 658 2183 δη
685 2107 968 2190 κωφός,)“
934 2135 967 2168 ο
994 2108 1054 2167 δὲ
1079 2108 1263 2185 ἔτερος
1283 2111 1396 2166 τῶν
1418 2105 1631 2182 ἡλίκων
1651 2109 1845 2184 μακρῷ
1864 2130 1942 2165 τα.

336 2194 519 2256 πάντα
541 2199 774 2273 πρῶτος·
816 2196 1026 2273 οὔνομα
1051 2195 1116 2255 δέ
1143 2198 1199 2255 οἱ
1220 2194 1293 2271 ἦν
1310 2194 1504 2258 ”Ατυς·
1541 2197 1739 2254 τοῦτον
1770 2191 1906 2268 δη’
1866 2218 1944 2253 ων

337 2308 438 2343 τον
456 2282 633 2344 ”Ατυν
657 2285 919 2361 σημαίνει
946 2288 1025 2362 τῷ
1048 2283 1280 2362 Κροίσῳ
1304 2309 1338 2343 ο
1364 2280 1587 2358 ὄνειρος,
1615 2305 1688 2344 ως
1711 2277 1946 2340 ἀπολέει

338 2395 438 2448 μιν
467 2375 645 2451 αἰχμῇ
670 2372 901 2451 σιδηρέῃ
933 2370 1242 2447 βληθέντα·
1283 2395 1316 2428 ο
1345 2369 1406 2428 δὲ
1438 2368 1560 2428 ἐπεί
1583 2392 1648 2427 τε
1681 2365 1943 2448 ἐξεγέρθη

341 2457 434 2518 καὶ
473 2461 650 2538 ἑωυτῷ
686 2457 861 2539 λόγον
901 2458 1079 2525 ἔδωκε,
1119 2454 1548 2539 καταρρωδήσας
1577 2452 1679 2515 τὸν
1712 2451 1943 2530 ὄνειρον,

340 2570 536 2626 αγεται
558 2548 663 2622 μὲν
687 2550 763 2624 τῷ
785 2544 942 2605 παιδὶ
964 2546 1218 2625 γυναῖκα·
1262 2532 1471 2603 ἐωθότα
1495 2542 1556 2603 δὲ
1580 2541 1945 2622 στρατηγέειν

342 2656 440 2708 μιν
463 2636 574 2692 τῶν
608 2633 805 2692 Λυδων
839 2630 1113 2708 οὗδαμῆ”’
1081 2655 1163 2691 ετι
1199 2630 1292 2690 ἐπὶ
1325 2634 1547 2691 τοιοῦτο
1570 2633 1806 2710 πρῆγμα
1830 2626 1944 2697 ἐξέ-

340 2740 544 2795 πεμπε·
585 2718 810 2779 ἀκόντια
835 2719 896 2778 δὲ
926 2718 1018 2777 καὶ
1043 2716 1272 2796 δοράτια
1296 2718 1389 2778 καὶ
1410 2717 1483 2778 τὰ
1506 2720 1737 2777 τοιαῦτα
1755 2713 1947 2775 πάντα

340 2809 493 2865 τοῖσι
507 2806 765 2885 χρέονται
782 2811 836 2870 ἐς
853 2805 1105 2884 πόλεμον
1122 2803 1415 2883 ἅνθρωποι,
1433 2809 1494 2866 ἐκ
1507 2806 1619 2864 τῶν
1614 2800 1948 2912 ἀνδρεώνων

347 2894 646 2969 ἐκκομίσας
677 2898 732 2956 ἐς
759 2919 890 2957 τους
915 2893 1202 2971 θαλάμους
1233 2893 1522 2970 συνένησε,
1548 2888 1632 2968 μή
1661 2914 1719 2950 τι
1743 2891 1799 2949 οἱ
1822 2911 1947 2965 κρε-

247 2980 326 3039 35
340 2978 588 3056 μάμενον
610 2983 689 3058 τῷ
718 2980 875 3039 παιδὶ
907 2981 1144 3061 ἐμπέσῃ.
1216 2979 1490 3060 Ἐχοντος
1521 2978 1586 3038 δέ
1610 2979 1665 3037 οἰ
1689 2981 1747 3037 ἐν
1775 2974 1947 3055 χερσὶ

339 3069 442 3125 τοῦ
466 3064 663 3128 παιδὸς
686 3065 785 3126 τόν
808 3093 1006 3148 γαμον,
1028 3067 1345 3129 ἀπικνέεται
1370 3072 1425 3130 ἐς
1448 3089 1549 3129 τας
1576 3060 1837 3141 Σαρδις
1802 3085 1947 3137 ανηρ

342 3155 668 3229 συμφορῇ’
619 3152 902 3263 Αεχόμενος
932 3155 1025 3213 καὶ
1057 3154 1122 3214 οὗ
1157 3153 1397 3230 καθαρός
1425 3156 1616 3233 χεῖρας
1647 3148 1763 3222 ἐων,
1792 3145 1953 3224 Φρυξ

346 3239 446 3298 ιιὲν
481 3243 662 3318 γενεῇ,
701 3241 891 3320 γένεος
929 3240 989 3300 δὲ
1030 3245 1133 3301 τοῦ
1177 3239 1508 3318 βασιληΐου·
1548 3233 1951 3317 παρελθωνὲ
1884 3231 1951 3294 δὲ
