2184 3517
269 96 368 146 184
892 95 1262 150 ἨΡΟΔΟΤΟΤ
1775 93 1873 157 [Π.

272 178 584 256 λαμβάνων
617 180 822 257 ἔμελλε
858 178 1120 257 διαχέειν.
1198 175 1239 253 ἤ
1273 175 1380 254 μέν
1410 200 1509 236 νυν
1539 174 1714 252 λίμνη
1739 175 1878 251 αὕτη

271 265 416 327 οὕτω
440 268 668 348 λέγεται
696 263 1018 346 ὀρυχθῆναι.

182 355 293 414 151
355 359 478 416 Τῶν
504 356 564 415 δὲ
589 354 830 415 δυώδεκα
864 352 1158 431 βασιλέων
1189 349 1514 431 δικαιοσύνῃ
1538 349 1877 430 χρεωμένων,

274 442 382 503 α’νᾶ
408 442 616 523 χρόνον
653 442 725 507 ὥς
757 444 965 503 ἔθυσαν
991 447 1051 502 ἐν
1074 445 1153 521 τῷ
1181 444 1278 520 ἱρῷ
1310 443 1412 500 τοῦ
1436 439 1784 516 Ἡφαίστου,
1807 441 1880 516 τῇ

270 530 491 610 ὖστάτῃ
522 534 625 607 τῆς
658 530 827 609 ὁρτῆς
858 529 1184 608 μελλόντων
1216 528 1634 597 κατασπείσειν,
1660 525 1695 585 ὅ
1724 525 1880 605 σ’,ρχι-

270 618 397 698 ρεύς
423 618 656 689 ἐξένεικέ
680 625 793 695 σφι
813 617 1026 693 φιάλας
1051 616 1297 697 χρυσέας
1319 615 1483 696 (τῇσί
1504 639 1610 691 περ
1633 612 1882 674 ἐώθεσαν

272 705 557 787 σπένδειν)
609 705 872 784 ἆμαρτῶν
922 709 1024 766 τοῦ
1083 703 1326 781 ἀριθμοῦ
1387 702 1579 763 ἕνδεκα
1639 700 1882 761 δυώδεκα

273 797 453 855 εὀὓσι·
535 794 772 856 ἐνθαῦτα
822 791 895 857 ὥς
946 792 1049 854 οὔκ
1111 792 1229 872 εἶχε
1287 790 1504 868 φιάλην
1553 789 1586 850 ὅ
1641 789 1884 868 ἔσχατος

273 881 476 947 ἔστειός
511 881 693 942 αὐτῶν
725 881 1101 960 Ψαμμίτιχος,
1127 878 1522 958 περιελόμενος
1553 876 1660 953 τήν
1684 877 1882 953 κυνέην

274 973 482 1031 εὀΰσαν
515 971 765 1050 χαλκέην
787 969 1006 1049 ὖπέσχε
1034 994 1099 1029 τε
1136 969 1230 1027 καὶ
1261 967 1508 1028 ἔσπενδε.
1593 964 1788 1028 κυνέας
1821 965 1883 1025 δὲ

273 1058 366 1118 καί
393 1061 447 1120 οἰ
472 1057 645 1119 ἄλλοι
671 1057 910 1122 ἅπαντες
944 1056 1181 1134 ε’φόρεόν
1209 1081 1274 1115 τε
1303 1055 1578 1133 βασιλέες
1602 1053 1697 1114 καὶ
1724 1052 1879 1135 ε’τῦγ·

272 1171 448 1226 χανον
495 1147 627 1209 τότε
672 1149 911 1226 ἔχοντες.
990 1144 1347 1224 Ψαμμίτιχος
1391 1144 1497 1220 μέν
1546 1168 1646 1203 νυν
1699 1140 1880 1203 οὐδενὶ

272 1235 483 1315 δολερῷ
508 1234 615 1314 νόῳ
640 1234 967 1315 χρεώμενος,
992 1232 1212 1311 ὖπέσχε
1236 1232 1342 1307 τήν
1376 1231 1590 1307 κυνέην·
1648 1234 1704 1291 οἱ
1731 1230 1792 1290 δὲ
1805 1235 1880 1290 -ε’ν

274 1324 439 1400 φρενὶ
464 1323 744 1399 λαβόντες
768 1321 837 1384 τό
860 1347 923 1382 τε
950 1321 1186 1397 ποιηθὲν
1211 1325 1273 1379 ἐκ
1301 1318 1664 1399 Ψαμμιτίχου
1690 1319 1785 1378 καὶ
1808 1317 1877 1379 τὰ

272 1408 622 1489 χρηστήριον
672 1410 705 1470 ὅ
755 1435 813 1470 τι
853 1407 1120 1489 ἐκέχρητό
1161 1414 1291 1484 σφι,
1316 1406 1418 1468 τᾶν
1455 1407 1673 1487 χαλκέῃ
1715 1408 1878 1468 σπεί·

272 1523 457 1558 σαντα
483 1496 662 1558 αὐτῶν
682 1496 866 1577 φιάλῃ
891 1501 1091 1559 τοῦτον
1114 1496 1371 1573 βασιλέα
1404 1496 1639 1556 ἔσεσθαι
1666 1499 1879 1573 μοῦνον

272 1583 575 1666 Αἰγύπτου,
609 1585 1054 1662 ἀναμνησθέντες
1081 1588 1184 1646 τοῦ
1216 1586 1498 1663 χρησμοῦ,
1527 1585 1736 1643 κτεῖναι
1769 1585 1880 1660 μὲν

274 1670 374 1732 οὗκ
409 1672 738 1733 ἐδικαίωσαν
773 1672 1149 1751 Ψαμμίτιχον,
1179 1671 1252 1735 ὥς
1280 1669 1608 1748 ἀνεύρισκον
1630 1671 1874 1747 βασανί·

274 1760 459 1832 ζοντες
486 1761 549 1831 ἐξ
573 1759 831 1838 οὐδεμιῆς
861 1761 1127 1838 προνοίης
1152 1757 1322 1820 αὖτόν
1352 1758 1689 1835 ποιήσαντα·
1732 1764 1790 1824 ἐς
1814 1760 1877 1819 δὲ

269 1847 345 1908 τοὶ
384 1847 516 1907 ἕλεα
558 1848 711 1918 ἔδοξέ
742 1855 855 1926 σφι
892 1847 1098 1923 διῶξαι,
1130 1846 1487 1924 ψιλώσαντας
1517 1845 1592 1907 τὰ
1624 1849 1878 1908 πλεῖστα

273 1938 378 2011 τῆς
417 1933 694 2013 δυνάμιος·
737 1941 799 1996 ἐκ
825 1937 885 1997 δὲ
921 1940 1033 1996 τῶν
1066 1935 1235 1995 ἑλέων
1266 1934 1616 2011 ὅρμεῶμενον
1640 1935 1724 2013 μή
1757 1940 1872 1996 ἐπι·
1902 1997 1905 2002 ,

180 2024 295 2083 152
312 2023 624 2104 μίσγεσθαι
648 2028 720 2105 τῇ
745 2023 899 2105 ἄλλῃ
925 2021 1206 2105 Αἰγύπτῳ.
1287 2023 1403 2082 Τόν
1429 2023 1489 2082 δὲ
1513 2024 1877 2104 Ψαμμίτιχον

273 2112 473 2172 τοῦτον
523 2111 796 2191 πρότερον
850 2111 1133 2192 φεύγοντα
1167 2109 1270 2171 τόν
1306 2110 1554 2172 Αἰθίοπα
1594 2112 1877 2187 Σαβακῶν

275 2197 339 2262 ὅς
364 2202 418 2259 οἰ
442 2198 543 2261 τᾶν
568 2202 783 2280 πατέρα
813 2199 1012 2261 Νεκῶν
1037 2197 1339 2269 ἀπέκτεινε,
1363 2201 1564 2259 τοῦτον
1591 2198 1874 2281 φεύγοντα

270 2285 401 2348 τότε
453 2293 509 2352 ἐς
549 2290 771 2367 Συρίην,
814 2287 884 2351 ὥς
936 2285 1286 2364 ἀπαλλάχθη
1326 2290 1388 2345 ἐκ
1431 2290 1533 2362 τῆς
1572 2286 1735 2365 ὄψιος
1771 2296 1875 2349 τοῦ

271 2372 487 2452 ὀνείρου
520 2375 553 2436 ὅ
559 2378 814 2483 ..Aw‘b'p'
845 2374 1165 2456 κατήγαγον
1195 2373 1510 2454 Αἰγυπτίων
1541 2371 1694 2434 οὗτοι
1730 2375 1785 2436 οἳ
1811 2381 1875 2436 ἐκ

271 2467 447 2539 νομοῦ
484 2466 588 2523 τοῦ
627 2462 837 2527 Σαΐτεῶ
878 2467 1009 2524 εἰσι·
1061 2459 1207 2539 μεϊιπῗΙ
1248 2462 1324 2532 δὲ,
1363 2462 1763 2536 βασιλεύοντα,
1802 2465 1875 2524 το

274 2548 529 2627 δεύτερον
557 2549 700 2626 πρός
734 2576 848 2612 των
890 2550 1079 2611 ἕνδεκα
1114 2549 1407 2626 βασιλέων
1447 2550 1877 2628 καταλαμβάνει

271 2661 370 2713 μιν
423 2635 514 2696 διοί
553 2637 659 2713 τήν
697 2637 892 2715 κυνέην
933 2635 1162 2717 φεύγειν
1202 2641 1259 2700 ἐς
1295 2636 1368 2697 τοὶ
1410 2638 1560 2698 ἕλεα.
1642 2637 1877 2699 ἐπιστα-

271 2747 436 2801 μενος
462 2749 538 2785 ων
566 2724 637 2789 ὥς
659 2725 1132 2804 περιυβρισμένος
1158 2725 1242 2801 εἴη
1267 2723 1408 2802 πρὸς
1433 2722 1629 2797 αυτῶν,
1657 2725 1877 2788 ἐπενόεε

272 2811 547 2872 τίσασθαι
583 2812 716 2877 τοῦς
756 2812 1072 2882 διώξαντας·
1119 2813 1404 2891 πέμψαντι
1442 2811 1508 2872 δέ
1544 2816 1600 2874 οἰ
1638 2817 1695 2876 ἐς
1733 2820 1875 2874 Βου-

272 2900 373 2956 τοΐ
375 2923 407 2958 ν
442 2898 616 2978 πόλιν
654 2904 711 2963 ἐς
747 2899 815 2960 τό
855 2898 1204 3006 χρηστήριον
1242 2904 1345 2974 τῆς
1368 2903 1604 2975 Λητοῦς,
1637 2901 1768 2962 ἔνθα
1803 2901 1878 2978 δὴ

276 2984 640 3063 Αἰγυπτίοισί
700 2990 825 3046 ε’στι
890 2986 1161 3062 μαντήιον
1233 2986 1664 3063 ἀψευδέστατον,
1728 2986 1883 3064 ἦλθε

276 3070 534 3146 χρησμος
585 3098 659 3136 ως
707 3072 856 3136 τίσις
905 3072 1027 3149 ἥξει
1085 3072 1199 3132 απὸ
1264 3073 1566 3149 θαλάσσης
1619 3076 1883 3154 χαλκέων

277 3149 490 3228 ἀνδρῶν
516 3160 910 3233 ἐπιφανέντων·
952 3161 1045 3218 καὶ
1067 3162 1146 3237 τῷ
1170 3161 1275 3233 μὲν
1293 3159 1424 3236 δή’
1389 3162 1626 3238 απιστίη
1650 3162 1886 3243 μεγάλη

280 3232 603 3316 υπεκέχυτο,
657 3246 932 3320 χαλκέους
982 3248 1039 3304 οἰ
1076 3244 1280 3321 ἄνδρας
1329 3246 1484 3322 ἥξειν
1529 3248 1881 3327 ἐπικούρους·
