2184 3517
220 101 513 153 151-1541
842 146 847 150 .
871 101 1208 167 ΕΤΤΕΡΠΗ.
1736 100 1832 148 185
2109 123 2110 162 χ

220 181 432 259 χρόνου
458 179 518 239 δὲ
535 178 610 240 ού
635 182 860 240 πολλοῦ
888 178 1221 251 διελθόντος,
1245 178 1518 261 ἅναγκαίη
1544 185 1830 262 κατέλαβε

216 267 411 332 Ἴωνάς
439 293 504 327 τε
542 267 635 327 καὶ
671 270 868 343 Κᾶρας
905 265 1108 344 ἄνδρας
1143 267 1285 328 κατὰ
1317 269 1483 344 ληίην
1510 266 1832 328 ἐκπλώσαν-

220 382 341 425 τας,
370 355 767 433 ἀπενειχθῆναι
793 360 848 418 ἐς
881 355 1186 435 Αἴγυπτον·
1231 354 1505 432 ἐκβάντας
1537 355 1597 414 δὲ
1633 361 1689 418 ἐς
1722 359 1832 437 γῆν

224 444 318 502 καὶ
344 442 722 505 ὁπλισθέντας
746 445 942 521 χαλκῷ
967 441 1238 523 ἀγγέλλει
1267 446 1379 502 τῶν
1402 468 1486 506 τις
1511 444 1829 524 Αἰγυπτίων

224 536 280 595 ἐς
308 530 385 592 τὰ
416 530 551 590 ἕλεα
589 529 925 606 ἀπικόμενος
962 534 1040 609 τῷ
1066 531 1417 610 Ψαμμιτίχῳ,
1446 529 1544 611 (ὦς
1575 529 1675 590 ούκ
1703 530 1830 592 ἰδιόν

220 619 498 696 πρότερον
535 622 732 696 χαλκῷ
770 616 972 694 ἄνδρας
1024 617 1443 699 ὁπλισθέντας,)
1486 617 1557 681 ὥς
1594 617 1829 698 χάλκεοι

222 705 417 784 ἄνδρες
483 705 781 787 ἀπιγμένοι
837 704 951 765 οἷπό
1013 704 1316 783 θαλάσσης
1365 710 1710 783 λεηλατεῦσι
1760 707 1829 769 τό

220 795 432 856 πεδίον·
474 794 508 855 ὅ
549 794 626 863 δὲ,
657 792 852 870 μαθών
889 793 957 854 τό
996 794 1345 872 χρηστήριον
1385 794 1823 871 ἐπιτελεύμενον,

221 883 375 958 φίλα
407 907 473 943 τε
501 885 656 942 τοῖσι
679 880 848 941 Ἴωσι
888 881 981 940 καὶ
1022 882 1219 959 Καρσὶ
1252 882 1499 942 ποιέεται
1524 883 1622 942 καί
1643 888 1829 958 σφεας

218 970 449 1052 μεγάλα
482 968 920 1048 ὑπισχνεύμενος
944 970 1125 1029 πείθει
1159 968 1279 1043 μετ’
1305 973 1505 1030 ἑωυτοῦ
1541 970 1825 1050 γενέσθαι·

220 1057 292 1122 ὥς
319 1058 380 1117 δὲ
407 1059 613 1127 ἔπεισε,
641 1055 782 1117 οὕτω
806 1056 925 1134 ἅμα
957 1060 1114 1117 τοῖσι
1151 1055 1272 1133 μετ’
1302 1060 1502 1124 ἑωυτοῦ
1525 1058 1824 1134 βουλομέ-

218 1171 373 1206 νοισι
427 1145 788 1227 Αἰγυπτίοισι
840 1144 933 1204 καὶ
969 1146 1128 1205 τοῖσι
1168 1143 1514 1223 ἐπικούροισι
1552 1146 1827 1223 καταιρέει

215 1232 353 1296 τοῦς
375 1234 679 1310 βασιλέας.
1635 1297 1642 1302 ,

300 1319 612 1399 Κρατήσας
657 1320 718 1380 δὲ
762 1319 1050 1402 Αἰγύπτου
1097 1319 1288 1397 πάσης
1334 1319 1367 1381 ὅ
1411 1319 1781 1399 Ψαμμίτιχος,
1803 1322 1920 1381 153

219 1409 458 1485 ἐποίησε
481 1413 559 1488 τῷ
580 1408 884 1488 Ἡφαίστῳ
903 1408 1230 1487 προπύλαια
1257 1414 1316 1469 ἐν
1342 1409 1565 1486 Μέμφι,
1588 1407 1660 1469 vd.
1685 1408 1827 1487 πρὸς

218 1495 384 1557 νότον
418 1496 624 1575 ἄνεμον
657 1497 1028 1574 τετραμμένα·
1070 1494 1251 1572 αὐλήν
1275 1522 1339 1557 τε
1372 1500 1451 1576 τῷ
1474 1495 1633 1568 ”Απι,
1662 1501 1721 1557 ἐν
1750 1500 1825 1576 τῇ

217 1585 488 1661 τρέφεται
527 1583 693 1645 ἐπεὰν
733 1588 887 1663 φανῇ
923 1583 956 1644 ὁ
985 1582 1173 1654 Ἆπις,
1208 1583 1545 1661 οἰκοδόμησε
1582 1585 1827 1645 ἐναντίον

218 1676 331 1732 τῶν
367 1671 748 1748 προπυλαίων,
782 1670 976 1731 πᾶσάν
1009 1696 1074 1731 τε
1113 1672 1456 1748 περίστυλον
1491 1675 1697 1732 ἐοῦσαν
1731 1673 1824 1732 καὶ

219 1758 406 1820 τύπων
446 1759 646 1836 πλέην·
700 1758 825 1819 ‹im-2
864 1759 926 1819 δὲ
968 1757 1179 1830 κιόνων,
1221 1758 1504 1819 ύπεστᾶσι
1545 1759 1824 1820 κολοσσοὶ

223 1846 669 1926 δυωδεκαπήχεες
693 1850 765 1923 τῆ
785 1845 955 1926 αὐλῇ·
989 1845 1022 1907 ὅ
1049 1847 1111 1906 δὲ
1127 1845 1298 1909 ''An-ts·
1323 1846 1465 1907 κατοὶ
1489 1847 1594 1923 τήν
1617 1846 1824 1924 Ἑλλή-

222 1960 327 1996 νων
355 1934 636 2018 γλῶσσάν
672 1940 798 1995 ἐστι
825 1933 1112 2011 Ἔπαφος.
1192 1938 1359 1995 Τοῖσι
1399 1935 1460 1995 δὲ
1488 1934 1652 1997 Ἴωσι
1692 1936 1784 1995 καὶ
1804 1937 1918 1997 154

222 2026 372 2083 τοῖσι
428 2023 623 2100 Καρσὶ
675 2026 830 2084 τοῖσι
883 2022 1540 2103 συγκατεργασαμένοισι
1592 2023 1739 2103 αὐτῷ
1791 2022 1825 2084 ὅ
2129 2075 2138 2088 .

223 2111 577 2189 Ψαμμίτιχος
607 2110 801 2172 δίδωσι
832 2109 1048 2189 χώρους
1080 2114 1368 2185 ἐνοικῆσαι
1400 2110 1617 2174 α’ντίους
1647 2111 1826 2187 οἷλλή-
2123 2123 2143 2152 '⁴

222 2201 351 2269 λων,
377 2202 480 2259 τοῦ
516 2199 734 2259 Νείλου
768 2197 835 2259 τὰ
869 2199 1052 2275 μέσον
1086 2198 1328 2277 ἔχοντος,
1356 2201 1508 2258 τοῖσι
1543 2196 1824 2274 οὐνόματα

225 2286 385 2362 ἐτέθη
420 2285 800 2363 Στρατόπεδα·
840 2285 1071 2350 τούτους
1104 2309 1168 2344 τε
1203 2283 1273 2360 δή
1305 2290 1419 2360 σφι
1449 2283 1580 2348 τούς
1610 2284 1826 2363 χώρους

224 2372 416 2434 δίδωσι
447 2374 540 2434 καὶ
573 2371 763 2433 τᾶλλα
797 2371 869 2432 τοὶ
903 2372 1190 2451 ύπέσχετο
1219 2371 1403 2433 πάντα
1441 2370 1703 2446 ἀπέδωκε,
1733 2372 1826 2432 καὶ
2059 2447 2066 2452 ·

223 2460 289 2537 δή
339 2462 436 2520 καὶ
481 2461 683 2524 παῖδας
728 2461 1027 2539 παρέβαλε
1071 2459 1295 2521 αὐτοῖσι
1342 2460 1678 2540 Αἰγυπτίους
1720 2458 1827 2536 τήν
2091 2457 2125 2532 ξ

221 2546 479 2608 Ἑλλάδα
522 2553 803 2630 γλῶσσαν
849 2546 1295 2609 ἐκδιδάσκεσθαι·
1350 2547 1462 2608 οἷπό
1508 2547 1569 2607 δὲ
1618 2546 1828 2608 τούτων
2101 2549 2118 2576 ³

225 2635 575 2713 ἐκμαθόντων
603 2636 709 2712 τήν
742 2639 1021 2717 γλῶσσαν
1056 2639 1111 2697 οἷ
1141 2639 1240 2697 νῦν
1281 2637 1537 2714 ἑρμηνέες
1569 2641 1627 2697 ἐν
1658 2633 1824 2717 Αἰγύ-
1849 2700 1855 2707 ,

223 2749 338 2804 πτῳ
363 2722 657 2807 γεγόνασι.
725 2727 780 2784 οἱ
814 2723 875 2783 δὲ
902 2723 1090 2788 Ἴωνές
1109 2748 1173 2784 τε
1193 2724 1286 2784 καὶ
1311 2727 1366 2784 οῖ
1393 2728 1579 2801 Κᾶρες
1597 2725 1826 2789 τούτους

221 2811 348 2875 τοῦς
394 2810 611 2890 χώρους
652 2811 890 2888 οἴκησαν
931 2811 1138 2890 χρόνον
1180 2813 1273 2872 ἐπὶ
1313 2811 1555 2872 πολλόν·
1610 2812 1720 2872 εἰσὶ
1766 2812 1827 2872 δὲ

224 2895 375 2958 οὗτοι
406 2901 464 2958 οἶ
497 2901 672 2977 χῶροι
705 2898 849 2976 πρὸς
885 2898 1203 2974 θαλάσσης,
1237 2899 1434 2980 ὀλίγον
1469 2900 1651 2978 ἔνερθε
1687 2906 1825 2960 Βου-

224 2984 468 3062 βάστιος
486 2985 702 3057 πόλιος,
722 2986 813 3045 ἐπὶ
830 2988 908 3064 τῷ
923 2986 1234 3064 Πηλουσίῳ
1250 2988 1566 3068 καλευμένῳ
1584 2988 1827 3065 στόματι

224 3077 320 3133 τοῦ
340 3074 577 3133 Νειλου·
617 3071 848 3136 τούτους
869 3075 976 3150 μὲν
1003 3073 1072 3148 δὴ
1092 3072 1277 3152 χρόνῳ
1296 3073 1533 3150 ὕστερον
1550 3076 1829 3150 βασιλεῦς

216 3158 467 3238 ’.Αμασις
491 3160 881 3236 ἐξαναστήσας
904 3160 1154 3221 ἐνθεῦτεν
1179 3161 1464 3219 κατοίκισε
1490 3165 1546 3223 ἐς
1572 3164 1826 3239 Μέμφιν,

227 3247 493 3324 φυλακήν
512 3251 715 3310 ἑωυτοῦ
740 3246 1057 3325 ποιεύμενος
1079 3246 1218 3325 πρός
1236 3248 1565 3327 Αἰγυπτίων.
1622 3248 1831 3310 τούτων
2019 3273 2048 3300 0
