2184 3517
257 123 537 189 126—129]
661 139 674 152 ‘
922 128 1249 177 ΕΤΤΕΡΠΗ.
1743 129 1839 179 171

257 204 345 264 καὶ
375 208 576 265 τοῦτον
600 205 660 268 δὲ
687 210 765 285 τῷ
795 206 941 285 αὐτῷ
970 206 1160 286 τρόπῳ
1186 207 1526 286 διαχρᾶσθαι
1556 211 1637 286 τῷ
1661 207 1842 286 ἑτέρῳ,

251 291 320 351 τό.
347 316 414 352 τε
438 290 594 351 ἅλλα
629 293 721 351 καὶ
750 292 1033 369 πυραμίδα
1058 297 1297 369 ποιῆσαι
1325 299 1378 358 ἐς
1413 297 1516 371 μὲν
1538 293 1612 353 τοὶ
1639 294 1844 353 ἐκείνου

248 379 427 458 μέτρα
460 378 560 439 οὐκ
595 378 930 455 ἀνήκουσαν·
970 385 1150 440 ταῦτα
1173 380 1282 461 γὰρ
1309 380 1383 440 ὧν
1411 383 1501 441 καὶ
1526 381 1687 458 ἡμεῖς
1720 386 1838 457 ἐμε-

246 465 553 543 τρήσαμεν·
586 466 736 546 (οὔτε
760 466 869 547 γάρ
895 467 1099 528 ὕπεστι
1125 467 1400 544 οἰκήματα
1424 467 1533 528 find
1559 472 1685 548 γῆν,
1714 467 1840 527 οὔτε

245 556 310 612 ἐκ
345 558 448 613 τοῦ
487 554 704 613 Νείλου
736 552 1002 631 Badpvg‘
964 579 1087 630 ηκει
1118 559 1175 618 ἐς
1205 554 1379 630 αὐτὴν
1413 554 1603 630 ὥσπερ
1644 559 1699 618 ἐς
1736 554 1840 630 τήν

241 639 439 717 ἑτέρην
466 640 694 717 ῥέουσα·
736 640 828 701 δια
867 640 1302 717 οἰκοδομημένου
1342 643 1403 701 δὲ
1442 640 1689 705 αὗλῶνος
1729 644 1840 702 ἔσω

242 731 420 802 νῆσον
438 728 730 806 περιρρέει,
749 734 807 789 ἐν
823 732 897 808 τῇ
915 728 1084 789 αυτὸν
1100 728 1337 810 λέγουσι
1357 730 1578 790 κεῖσθαι
1596 729 1838 809 Χέοπα.)

241 812 543 893 ὖποδείμας
584 817 645 876 δὲ
682 817 783 876 τόν
823 821 1045 893 πρῶτον
1087 816 1261 893 δόμον
1303 817 1468 877 λίθου
1510 818 1837 878 Αἰθιοπικοῦ

241 903 520 973 ποικίλου,
562 904 980 982 τεσσεράκοντα
1023 904 1201 967 πόδας
1245 903 1468 980 ὕποβοὶς
1512 909 1613 980 τῆς
1654 903 1839 982 ἑτέρης

240 987 418 1050 τῶυτό
450 990 715 1072 μέγαθος,
752 991 1023 1071 ἐχομένην
1053 994 1158 1065 τῆς
1190 991 1442 1072 μεγάλης
1482 991 1833 1068 οἰκοδόμησε.

241 1078 447 1137 ἑστᾶσι
471 1078 532 1137 δὲ
559 1079 651 1139 ἐπὶ
685 1078 875 1155 λόφου
899 1082 999 1139 τοῦ
1025 1077 1194 1137 αὐτοῦ
1220 1077 1553 1155 α’μφότεραι,
1581 1078 1836 1154 μάλιστα

241 1167 296 1226 ἐς
340 1165 538 1227 ἐκατὸν
581 1165 758 1229 πόδας
807 1165 1052 1244 ὑψηλοῦ.
1134 1167 1487 1241 βασιλεῦσαι
1532 1165 1591 1224 δὲ
1638 1167 1834 1245 ἔλεγον

237 1255 515 1329 Χεφρῆνα
542 1254 605 1324 ἓξ
627 1254 720 1313 καὶ
744 1252 1090 1328 πεντήκοντα
1117 1254 1256 1312 ἔτεα.
1318 1256 1508 1312 Ταῦτα
1534 1252 1596 1322 ἔξ
1617 1278 1679 1312 τε
1700 1254 1791 1311 καὶ
1811 1256 1924 1311 128

240 1339 434 1401 ἐκατιῖν
459 1341 779 1422 λογίζονται
810 1340 949 1410 ἔτεα,
978 1345 1038 1400 ἐν
1062 1344 1216 1400 τοῖσι
1241 1340 1607 1420 Αἰγυπτίοισί
1633 1364 1695 1398 τε
1729 1344 1832 1398 πᾶ-

238 1451 349 1486 σαν
397 1427 538 1487 εἶναι
584 1426 862 1504 κακότητα
909 1429 1002 1487 καὶ
1053 1427 1127 1487 τοὶ
1174 1427 1267 1504 ἱροὶ
1312 1426 1516 1506 χρόνου
1560 1426 1833 1487 τοσούτου

238 1516 720 1590 κατακληῖσθέντα
760 1515 860 1575 οὐκ
900 1514 1247 1594 ἀνοιχθῆναι.
1328 1513 1558 1578 τούτους
1595 1513 1705 1574 ὑπὸ
1743 1515 1837 1591 fal:

236 1626 368 1665 σεος
406 1629 473 1662 ου
514 1603 691 1680 κάρτα
730 1602 964 1663 θέλουσι
998 1601 1297 1682 Αἰγύπτιοι
1335 1599 1643 1679 ὀνομάζειν,
1677 1600 1833 1661 ἀλλὰ

236 1690 327 1748 καὶ
370 1714 473 1753 τας
515 1689 827 1768 πυραμίδας
870 1688 1140 1749 κάλέουσι
1183 1688 1447 1766 ποιμένος
1492 1688 1830 1760 Φιλιτίωνος,

240 1775 297 1839 ὃς
322 1780 526 1839 τοῦτον
555 1777 656 1840 τόν
692 1776 898 1857 χρόνον
938 1777 1095 1854 ἔνεμὲ
1133 1775 1334 1881 κτήνεα
1373 1802 1515 1837 κατα
1546 1780 1722 1836 ταῦτα
1757 1802 1832 1836 τα

233 1865 430 1941 χωρία.

311 1950 479 2012 Μετοὶ
503 1951 564 2012 δὲ
594 1956 808 2023 τοῦτον,
834 1952 1190 2028 βασιλεῦσαι
1226 1953 1514 2033 Αἰγυπτου
1548 1953 1788 2028 Μυκερῖ-
1806 1953 1923 2013 129

229 2064 327 2101 νον
370 2040 568 2122 ἔλεγον
608 2041 831 2103 Χέοπος
872 2038 1063 2098 παῖδα·
1116 2043 1195 2118 τῷ
1227 2038 1300 2098 τοὶ
1338 2040 1443 2115 μὲν
1476 2042 1579 2099 τοῦ
1619 2038 1830 2115 πατρός

230 2129 369 2207 ἔργα
391 2126 641 2189 ἀπαδεῖν·
680 2127 781 2188 τόν
806 2127 865 2187 δὲ
889 2126 963 2187 τά
986 2152 1049 2187 τε
1076 2126 1169 2203 ἱρὰ
1180 2124 1411 2194 οἷνοῖξαι
1440 2125 1532 2185 καὶ
1555 2124 1656 2186 τὸν
1680 2090 1890 2187 Aewv.

226 2216 562 2292 τετρυμένον
595 2219 651 2278 ἐς
683 2214 750 2274 τὸ
791 2215 1034 2293 ἔσχατον
1069 2217 1251 2284 κακοῦι
1279 2211 1488 2283 ἀνεῖναι
1520 2212 1662 2288 πρὸς
1691 2214 1826 2294 ἔργα

224 2326 288 2360 τε
315 2302 410 2361 καὶ
437 2301 834 2366 θυσίας·“δίκας
853 2302 917 2361 δέ
939 2307 1052 2377 σφι
1068 2298 1291 2360 πάντων
1309 2299 1601 2375 βασιλέων
1626 2299 1827 2359 δικαιο-

224 2388 399 2452 τάτας
425 2389 646 2466 κρίνειν.
728 2388 870 2449 κατοί
896 2385 1064 2449 τοῦτο
1089 2386 1195 2464 μέν
1226 2412 1323 2447 νυν
1347 2385 1415 2445 τὸ
1445 2387 1623 2466 ἔργον,
1650 2385 1824 2447 εἶπάν-

223 2500 336 2536 των
360 2476 492 2537 ὅσοι
514 2475 622 2554 ἥδη
646 2477 919 2555 βασιλέες
939 2476 1193 2556 ἐγένοντο
1221 2474 1553 2556 Αἰγυπτίων,
1576 2473 1824 2533 αἰνέουσι

221 2564 485 2639 μάλιστα
507 2570 724 2626 τοῦτον·
763 2563 836 2625 τό.
858 2589 924 2624 τε
957 2561 1113 2623 ἄλλα
1134 2562 1244 2644 γάρ
1270 2588 1369 2639 μιν
1395 2561 1596 2639 κρίνειν
1623 2560 1698 2631 εὖ,
1731 2561 1825 2620 καὶ

222 2650 294 2727 δή
333 2652 427 2711 καὶ
456 2657 536 2733 τῷ
567 2653 1000 2732 ἐπιμεμφομένῳ
1031 2656 1094 2710 ἐκ
1132 2655 1235 2727 τῆς
1275 2651 1428 2726 δίκης
1465 2646 1595 2725 παρ’
1623 2651 1823 2709 ἑωυτοῦ

221 2738 449 2800 διδόντα
513 2739 684 2813 ἄλλα,
736 2737 1172 2817 ἀποπιμπλάναι
1238 2736 1408 2799 αὐτοῦ
1472 2737 1573 2798 τὸν
1625 2735 1822 2814 θυμόν.

221 2826 372 2887 ἐόντι
396 2827 457 2888 δέ
480 2827 629 2908 ἠπίῳ
652 2831 730 2907 τῷ
762 2828 1054 2905 Μυκερίνῳ
1089 2825 1231 2886 κατὰ
1264 2826 1395 2889 τούς
1428 2824 1704 2901 πολιήτας
1728 2824 1822 2883 καὶ

218 2918 399 2975 ταῦτα
439 2915 813 2993 ἐπιτηδεύοντι
849 2918 1070 2991 πρῶτον
1106 2916 1288 2974 κακῶν
1320 2911 1483 2988 ἄρξαι
1521 2910 1624 2986 τὴν
1656 2913 1822 2993 θυγα-

218 3004 359 3079 τέρα
403 3002 802 3065 ἀποθανοῦσαν
842 3001 1030 3071 αὐτοῦ,
1079 3001 1186 3076 τὴν
1226 3000 1438 3076 μοῦνόν
1483 3001 1538 3057 οἱ
1578 2997 1718 3057 εἶναι
1760 3003 1820 3058 ἐν

216 3092 378 3150 τοῖσι
414 3092 641 3151 οἰκίοισι
673 3091 883 3150 τέκνον·
924 3086 1024 3147 τᾶν
1054 3087 1115 3145 δὲ
1150 3083 1629 3166 υπεραλγήσαντά
1658 3108 1721 3143 τε
1740 3088 1823 3162 τῷ

217 3179 661 3254 περιεπεπτώκεε
693 3176 1002 3256 πρήγματι,
1029 3174 1124 3232 καὶ
1157 3173 1514 3249 βουλόμενον
1552 3169 1819 3248 περισσό-

216 3262 388 3339 τερόν
403 3288 461 3325 τι
483 3268 593 3325 τῶν
611 3264 803 3323 ἄλλων
824 3259 1003 3339 θάψαι
1025 3284 1133 3334 την
1158 3257 1452 3339 θυγατέρα,
1468 3255 1823 3334 ποιήσασθαι
