2184 3517
219 111 452 175 77-81]
854 110 1180 161 amaran.
1734 113 1833 161 145

219 194 455 264 ξύλινον
501 191 892 269 πεποιημένον,
931 189 1320 269 μεμιμημένον
1361 194 1418 253 ἐς
1457 189 1530 251 τσῖ
1575 190 1834 268 μάλιστα

225 283 321 341 καὶ
349 284 552 363 γραφῇ
585 280 677 339 καὶ
710 281 865 360 ἔργῳ,
898 280 1145 360 μέγαθος
1174 276 1317 338 ὅσον
1347 303 1409 338 τε
1440 277 1622 355 πάντη
1653 304 1832 358 πηχυ-

224 373 350 429 αῖον
383 368 421 444 ἢ
458 370 720 447 δίπηχυν·
763 368 972 431 δεικνύς
1007 367 1067 426 δὲ
1105 366 1321 445 ἑκάστῳ
1356 371 1467 426 τῶν
1503 368 1834 443 συμποτέων

222 457 401 538 λέγει·
444 467 482 492 “
501 462 555 520 ἔς
588 458 787 517 τοῦτον
818 455 1002 531 ὁρεων,
1036 455 1166 515 πῖνέ
1198 479 1261 514 τε
1294 454 1386 513 καὶ
1415 454 1635 532 τέρπευ·
1678 456 1832 515 ἔσεαι

220 544 333 625 γὰρ
360 542 663 605 οἷποθανων
695 545 964 607 τοιοῦτος.
963 542 996 562 ”
1063 545 1240 604 ταῦτα
1273 544 1378 619 μὲν
1402 541 1556 620 παραὶ
1590 541 1663 603 w)
1688 568 1833 621 συμ·

220 632 406 693 πόσια
430 633 676 692 ποιεῦσι.

302 721 617 798 Πατρίοισι
662 718 722 778 δὲ
768 717 1072 797 χρεώμενοι
1125 717 1368 796 νόμοισι,
1410 717 1593 779 ἄλλον
1635 718 1830 779 οὐδένα
1846 719 1923 780 79

218 808 603 868 ε’πικτέωνται.
659 809 814 867 τοῖσι
839 805 994 866 ἄλλα
1017 831 1080 866 τε
1108 806 1360 876 ἔπάξιά’
1333 832 1458 867 εστι
1482 806 1707 884 νόμιμα,
1736 808 1830 866 καὶ

216 896 291 972 δὴ
331 896 427 955 καὶ
464 894 671 972 ἄεισμα
709 895 768 954 ἔν
808 899 933 954 ε’στι
969 896 1154 965 Λίνος,
1189 893 1370 972 ὅσπερ
1407 895 1465 957 ἔν
1498 920 1561 956 τε
1596 896 1826 975 Φοινίκῃ

217 982 478 1060 εἷοίδιμός
508 988 633 1043 ε’στι
668 982 760 1042 καίΙ
796 986 854 1043 ἔν
887 981 1100 1062 Κύπρῳ
1126 983 1220 1041 καὶ
1256 981 1426 1061 ἄλλῃ·
1471 982 1612 1043 κατὰ
1635 985 1828 1059 μέντοι

218 1072 388 1131 ἔθνεα
414 1069 627 1148 οὕνομα.
653 1070 785 1150 ἔχει·
828 1071 1179 1148 συμφέρεται
1200 1070 1260 1129 δὲ
1288 1069 1459 1134 ὦυτός
1488 1070 1624 1130 εἶναι
1649 1070 1748 1130 τόν
1774 1074 1830 1131 οἱ

208 1158 499 1236 Ἕλληνες
532 1159 704 1219 Λίνον
739 1156 1102 1235 ὀνομάζοντες
1140 1156 1412 1218 ἀείδουσι·
1455 1156 1600 1217 ὥστε
1635 1159 1830 1217 πολλοὶ

217 1250 329 1324 μὲν
361 1247 455 1306 καὶ
489 1245 644 1305 ἄλλα
678 1244 1100 1321 ἅποθωυμάζειν
1134 1270 1208 1322 με
1242 1249 1351 1306 τῶν
1383 1245 1512 1322 περὶ
1543 1246 1829 1325 Αἴγυπτον

220 1335 443 1405 ἐόντων,
473 1339 529 1395 ἐν
555 1334 616 1394 δὲ
644 1332 712 1410 δὴ
740 1333 832 1392 καὶ
865 1332 966 1393 τᾶν
991 1334 1163 1394 Λίνον
1194 1332 1390 1394 ὁκόθεν
1422 1333 1655 1409 ἔλαβον·
1697 1335 1826 1409 φαί-

220 1448 417 1484 νονται
453 1422 511 1481 δὲ
541 1420 633 1481 ἅεί
663 1446 790 1481 κοτε
829 1424 1030 1481 τοῦτον
1069 1420 1363 1485 αἐίδοντες·
1407 1422 1530 1482 ἔστι
1570 1420 1629 1480 δὲ
1661 1425 1827 1503 Αἰγυ-

219 1510 423 1572 πτιστὶ
463 1509 496 1570 ὅ
536 1510 704 1574 Λίνος
750 1507 1085 1585 καλεύμενος
1139 1509 1427 1587 Μανέρως.
1498 1509 1721 1586 ἔφασαν
1763 1511 1826 1571 δέ

219 1624 326 1674 μιν
350 1596 646 1679 Αἰγύπτιοι
673 1600 778 1657 τοῦ
804 1595 1028 1673 πρώτου
1052 1596 1516 1673 βασιλεύσαντος
1535 1598 1825 1678 Αἰγύπτου

217 1686 401 1746 παῖδα
440 1684 775 1765 μουνογενέα
818 1684 1101 1765 γενέσθαι·
1164 1683 1518 1746 α’ποθανόντα
1564 1686 1610 1744 δ’
1658 1685 1827 1747 αὐτόν

219 1773 437 1852 ἄνωρον
464 1771 721 1851 θρήνοισι
750 1771 1005 1832 τούτοισι
1035 1771 1130 1832 ὕπ’
1154 1774 1476 1855 Ἀἰγυπτίων
1500 1774 1821 1850 τιμηθῆναι·

219 1864 321 1922 καὶ
353 1861 547 1938 ἀοιδήν
570 1885 633 1921 τε
666 1859 872 1937 ταύτην
901 1859 1128 1938 πρώτην
1156 1862 1248 1920 καὶ
1285 1859 1496 1938 μούνην
1526 1863 1704 1937 σφίσι
1733 1887 1824 1943 γε·

218 1952 443 2013 νέσθαι.
510 1949 900 2027 Συμφέρονται
941 1948 1001 2007 δὲ
1042 1950 1135 2008 καὶ
1174 1949 1301 2009 τόδε
1340 1948 1492 2010 ἄλλο
1525 1948 1821 2030 Αἰγύπτιοι
1839 1952 1917 2011 80

213 2037 511 2115 Ἑλλήνων
535 2035 792 2114 μούνοισι
815 2035 1329 2114 Λακεδαιμονίοισι·
1372 2040 1426 2099 οἶ
1451 2037 1703 2116 νεώτεροι
1729 2038 1822 2098 αὗ-

214 2132 333 2189 τῶν
348 2130 503 2187 τοῖσι
526 2123 970 2201 πρεσβυτέροισι
995 2123 1469 2206 συντυγχάνοντες
1490 2127 1702 2186 εἴκουσι
1720 2130 1824 2202 τῆς

214 2216 357 2278 ὁδοῦ
392 2216 484 2275 καὶ
515 2212 899 2291 ἐκτράπονται,
935 2213 1028 2272 καὶ
1062 2216 1287 2273 ε’πιοῦσι
1330 2214 1392 2283 ἐξ
1434 2215 1592 2291 ἕδρης
1632 2213 1822 2274 ὗπανι-

217 2306 441 2365 στέατι.
515 2301 642 2363 τόδε
683 2301 877 2378 μέντοι
912 2301 1152 2361 ἄλλοισι
1192 2300 1482 2376 Ἑλλήνων
1524 2300 1824 2377 οὐδαμοῖσι

219 2393 631 2470 συμφέρονται·
673 2388 796 2449 ἀντὶ
831 2392 932 2449 τοῦ
964 2387 1407 2471 προσαγορεύειν
1440 2387 1731 2464 ἀλλήλους
1765 2395 1824 2450 ἐν

216 2486 363 2561 τῇσι
395 2480 594 2549 ὁδοῖσι,
620 2477 1034 2553 προσκυνέουσι
1066 2477 1343 2540 κατιέντες
1375 2477 1546 2556 μέχρι
1570 2480 1671 2536 τοῦ
1695 2477 1823 2558 γού-

219 2595 391 2653 νατος
428 2568 533 2644 τὴν
570 2569 753 2646 χεῖρα.
833 2563 1196 2626 Ἐνδεδύκασι
1236 2566 1296 2624 δὲ
1338 2566 1569 2629 κιθῶνας
1609 2566 1824 2630 λινέους
1842 2568 1914 2626 81

217 2659 354 2735 περὶ
379 2656 451 2718 τοὶ
476 2655 684 2716 σκέλεα
705 2646 1071 2724 θυσανωτοῦς,
1096 2679 1190 2719 ους
1217 2654 1486 2714 καλέουσι
1508 2656 1822 2733 καλασίρις·

219 2747 319 2806 ἐπὶ
353 2744 606 2806 τούτοισι
641 2742 700 2802 δὲ
743 2742 941 2819 εἰρίνεα
982 2743 1184 2819 εἵματα
1215 2742 1391 2805 λευκοὶ
1427 2743 1825 2820 ἐπαναβληδὸν

220 2834 519 2912 φορέουσι.
577 2829 641 2890 οὗ
669 2826 861 2907 μέντοι
888 2830 941 2893 ἔς
964 2854 1032 2911 γε
1056 2829 1130 2889 τοὶ
1159 2829 1251 2908 ἱροὶ
1279 2832 1579 2907 ἐσφέρεται
1608 2831 1825 2907 εἰρίνεα,

219 2922 351 2984 ουδὲ
382 2916 914 3003 συγκαταθάπτεταί
946 2924 1078 2994 σφι·
1122 2916 1186 2977 οὐ
1217 2944 1327 2999 γαρ
1367 2918 1546 2979 ὅσιον.
1616 2917 1821 2993 ὁμολο-

216 3012 421 3093 γέουσι
453 3010 512 3069 δὲ
545 3009 721 3068 ταῦτα
756 3007 910 3064 τοῖσι
940 3004 1270 3084 Ὀρφικοῖσι
1308 3005 1701 3081 καλεομένοισι
1734 3030 1826 3064 και

219 3101 578 3179 Βακχικοῖσι,
601 3096 759 3154 ἐοῦσι
780 3093 839 3152 δε
858 3094 1221 3175 Αἰγυπτίοισι
1243 3093 1335 3150 καὶ
1363 3092 1824 3203 Πυθαγορείοισι·

218 3188 351 3249 οὐδὲ
374 3213 485 3269 γαρ
511 3182 721 3245 τούτων
744 3207 855 3241 των
875 3179 1075 3262 ὀργίων
1098 3180 1409 3258 μετέχοντα
1435 3179 1597 3239 ὅσιόν
1617 3183 1740 3239 ε’στι
1767 3183 1827 3238 ἐν

1944 2292 1977 2304 ''¹—
