2184 3517
237 114 461 177 62—65]
886 116 1214 166 mmmm.
1746 118 1840 167 139

235 191 417 256 πότας
456 190 625 253 αὖτόν
671 191 960 270 πρότερον,
1005 192 1072 253 οὗ
1114 197 1380 272 περιορᾶν
1418 195 1673 273 παριέναι
1711 194 1844 255 ἀλλ’

237 279 549 356 ἀπερύκειν·
590 278 691 340 τᾶν
730 279 777 339 δ’
816 281 880 350 ἐξ
916 281 1101 357 ἅλλης
1131 280 1332 346 πόλιος
1361 281 1713 363 ἀγαγόμενον
1752 282 1845 343 οἷν-

240 367 496 445 θρῶπους
529 366 659 430 τούς
688 392 751 427 τε
785 366 1113 446 προπόλους
1137 372 1382 448 τρηχέως
1412 374 1724 448 περισπεῖν,
1753 371 1847 430 καὶ

241 456 497 516 ἐσελθεῖν
538 453 694 533 παρὰ
738 456 842 531 τήν
884 457 1137 533 μητέρα·’
1172 456 1285 517 <ind
1330 457 1531 518 τούτου
1576 461 1654 536 τῷ
1684 450 1847 537 ’Ᾱρεῖ

237 542 447 619 ταύτην
471 569 577 619 την
602 542 885 625 πληγήν’
858 569 916 603 εν
941 547 1014 621 τῇ
1040 544 1180 624 ὁρτῇ
1207 546 1547 622 νενομικέναι
1575 547 1742 622 φασί.

326 631 442 691 Καὶ
493 631 560 692 τὸ
613 630 694 708 μή
747 632 1061 712 μίσγεσθαι
1113 633 1336 713 γυναιξὶ
1382 637 1441 694 ἐν
1488 634 1662 710 ἶροῖσι
1707 632 1848 711 μηδὲ
1914 627 1919 633 ’

240 717 520 783 ἀλούτους
544 718 657 779 οἷπὸ
681 723 957 800 γυναικῶν
994 725 1049 783 ἐς
1088 719 1181 797 ἱροὶ
1219 722 1444 792 ἐσιέναι,
1473 718 1634 783 οὗτοί
1656 726 1768 782 εἶσι
1794 725 1849 783 οἶ

241 811 456 885 πρῶτοι
492 806 958 884 θρησκεύσαντες.
1041 810 1096 867 οἱ
1134 810 1240 885 μὲν
1278 835 1390 890 γαρ
1431 807 1601 869 ἄλλοι
1643 810 1851 891 σχεδόν

243 894 450 960 πάντες
498 893 797 972 ἄνθρωποι,
840 894 997 971 πλὴν
1039 897 1357 976 Αἰγυπτίων
1400 898 1494 957 καὶ
1539 897 1847 975 Ἑλλήνων,

242 983 549 1064 μίσγονται
591 987 649 1043 ἐν
681 986 873 1060 ἱροῖσι·
917 983 1009 1042 καὶ
1035 982 1151 1060 οἷπό
1179 989 1454 1064 γυναικῶν
1489 983 1851 1063 ἀνιστάμενοι

246 1069 479 1131 ἄλουτοι
519 1070 847 1150 ἐσέρχονται
890 1075 945 1135 ἐς
988 1071 1126 1149 ἶρὸν,
1175 1072 1490 1149 νομίζοντες
1531 1072 1852 1149 ἀνθρώπους

247 1157 389 1219 εἶναι
429 1158 677 1237 κατάπερ
717 1158 790 1219 τοὶ
830 1159 987 1218 ἄλλα
1028 1157 1248 1234 κτήνεα·
1299 1159 1392 1219 καὶ
1434 1160 1545 1240 γὰρ
1586 1159 1658 1220 τοὶ
1699 1159 1853 1221 ἅλλα

247 1245 451 1323 κτήνεα
479 1245 616 1324 ὄρόῖν
635 1247 727 1307 καὶ
754 1245 987 1324 ὀρνίθων
1004 1248 1171 1329 γένεα
1196 1244 1504 1327 ὀχευόμενα
1531 1249 1589 1309 ἔν
1612 1274 1675 1308 τε
1699 1253 1854 1310 τοῖσι

247 1338 438 1411 νηοῖσι
477 1339 588 1396 τῶν
625 1336 764 1396 θεῶν
801 1336 894 1394 καὶ
936 1341 994 1397 ἐν
1022 1339 1179 1396 τοῖσι
1217 1336 1494 1411 τεμένεσι·
1538 1340 1587 1397 εἰ
1613 1335 1687 1397 ὦν
1715 1337 1855 1398 εἶναι

246 1426 327 1502 τῷ
373 1424 485 1503 θεῷ
530 1426 698 1483 τοῦτο
740 1421 821 1502 μὴ
866 1423 1057 1500 φίλον,
1108 1422 1208 1483 οὐκ
1251 1421 1321 1485 ἂν
1368 1423 1495 1485 οὐδὲ
1533 1424 1606 1486 τοὶ
1652 1425 1853 1502 κτήνεα

247 1512 478 1572 ποιέειν.
545 1509 700 1571 οὗτοι
724 1511 829 1587 μέν
855 1537 952 1572 νυν
976 1514 1209 1572 τοιαῦτα
1236 1513 1602 1595 ἐπιλέγοντες,
1630 1517 1855 1574 ποιεῦσι

249 1600 382 1676 ἐμοί
405 1624 476 1681 γε
517 1598 617 1659 οὐκ
655 1598 885 1676 α’ρεστά·
926 1598 1224 1681 Αἰγύπτιοι
1255 1600 1316 1660 δὲ
1357 1601 1731 1679 θρησκεύουσι
1759 1628 1856 1662 πε-

215 1712 467 1766 ,Qu-ms·
489 1686 563 1747 τά
587 1713 650 1747 τε
675 1685 831 1747 αλλα
856 1688 987 1765 περὶ
1011 1714 1083 1747 τα
1112 1687 1220 1766 ἶρα,
1249 1689 1343 1748 καὶ
1369 1689 1437 1765 δὴ
1466 1689 1558 1749 καὶ
1582 1689 1733 1749 τάδε.

330 1775 549 1837 Ἐοῧσα
579 1775 640 1835 δὲ
671 1777 953 1857 Αἴγυπτος
991 1773 1231 1854 ὅμουρος
1250 1780 1337 1857 τῇ
1371 1776 1563 1857 Λιβύῃ
1602 1805 1666 1838 ου
1696 1777 1855 1856 μάλα
1872 1779 1947 1838 65

251 1863 577 1942 θηριώδης’
551 1865 692 1924 εστί·
733 1862 806 1924 τοὶ
834 1863 946 1923 δὲ’
919 1861 1083 1924 εόντα
1114 1870 1228 1940 σφι
1267 1863 1488 1926 ἅπαντα
1522 1865 1614 1943 ἱροὶ
1641 1866 1855 1944 νενόμι-

249 1978 406 2013 σται·
465 1952 559 2012 καὶ
599 1951 671 2012 τοὶ
711 1954 816 2029 μὲν
856 1949 1152 2029 σύντροφα
1193 1951 1415 2014 αυτοῖσι
1454 1957 1609 2015 τοῖσι
1649 1953 1855 2032 οἷνθρῶ-

246 2066 431 2112 ποισι,
466 2039 540 2102 τὰ
576 2039 637 2100 δὲ
669 2039 754 2100 οὔ.
834 2043 946 2101 τῶν
987 2040 1047 2100 δὲ
1079 2041 1281 2102 εἵνεκεν
1321 2041 1534 2104 ἆνεῖται
1570 2043 1643 2103 τὰ
1670 2041 1772 2120 {po}
1809 2045 1857 2103 εἰ

246 2130 496 2211 λέγοιμι,
517 2129 833 2205 καταβαίην
852 2126 922 2189 ἂν
945 2132 1022 2208 τῷ
1046 2128 1201 2211 λόγῳ
1223 2135 1278 2196 ἐς
1299 2130 1370 2192 τοὶ
1392 2132 1515 2192 θεῖα
1533 2130 1856 2212 πρήγματα,

245 2217 322 2277 τοὶ
343 2218 454 2299 ἐγώ
483 2216 672 2299 φεύγω
696 2216 954 2295 μάλιστα
979 2216 1349 2299 ἀπηγέεσθαι·
1375 2217 1448 2278 τοὶ
1468 2218 1529 2277 δὲ
1548 2220 1641 2288 καὶ
1667 2221 1857 2295 εἴρηκα

246 2305 435 2366 αὗτῶν
451 2304 784 2384 ἐπιψαύσας,
801 2304 1075 2386 ἅναγκαίῃ
1092 2304 1668 2382 καταλαμβανόμενος
1682 2306 1857 2366 εἶπον.

243 2395 426 2473 νόμος
451 2395 516 2454 δέ
541 2398 665 2455 ἐστι
688 2394 818 2473 περὶ
850 2398 962 2455 τῶν
989 2394 1195 2470 θηρίων
1220 2391 1326 2453 ὦδε
1360 2394 1517 2473 ἔχων·
1558 2393 1859 2470 μελεδωνοὶ

244 2482 661 2562 ἀποδεδέχαται
685 2486 786 2559 τῆς
809 2485 1029 2561 τροφῆς
1052 2483 1223 2561 χωρὶς
1249 2480 1496 2542 ἑκάστων
1522 2482 1616 2541 καὶ
1641 2483 1860 2560 ἔρσενες

243 2573 348 2631 καὶ
382 2571 584 2648 θήλεαι
619 2574 730 2631 τῶν
761 2571 1097 2652 Αἰγυπτίων,
1131 2573 1242 2631 τῶν
1282 2575 1415 2634 παῖς
1452 2570 1606 2650 παρὰ
1647 2570 1860 2649 πατρός

243 2660 535 2721 ἐκδέκεται
558 2658 663 2735 τήν
686 2658 874 2736 τιμήν.
958 2661 1013 2719 οἱ
1045 2658 1106 2717 δὲ
1138 2663 1198 2718 ἐν
1226 2661 1364 2738 τῇσι
1394 2658 1597 2721 πόλισι
1631 2660 1860 2721 ἕκαστοι

243 2747 426 2829 εὗχιὶς
471 2747 648 2808 τάσδε
694 2754 808 2824 σφι
854 2746 1249 2808 ἀποτελέουσι·
1292 2746 1584 2827 εὖχόμενοι
1629 2752 1706 2828 τῷ
1752 2749 1859 2828 θεῷ

239 2841 354 2899 τοῦ
381 2835 451 2898 ἂν
475 2835 515 2917 ᾖ
540 2835 608 2897 τό
646 2836 857 2913 θηρίον,
887 2836 1178 2913 ξυροῦντες
1206 2838 1318 2895 τῶν
1346 2837 1578 2897 παιδίων
1602 2835 1640 2913 ἢ
1665 2839 1860 2897 πᾶσαν

239 2926 359 3002 τήν
396 2923 658 3001 κεφαλήν
693 2921 731 3000 ἢ
765 2923 833 2983 τὰ
865 2923 1046 3000 ἥμισυ
1070 2920 1108 2999 ἢ
1139 2922 1206 2983 τὸ
1234 2923 1423 3000 τρίτον
1453 2926 1622 3002 μέρος
1646 2927 1750 2998 τῆς
1775 2949 1861 2983 κε-

240 3017 467 3092 φαλῆς,
511 3015 712 3074 ἱστᾶσι
750 3012 987 3091 σταθμῷ
1025 3011 1168 3090 πρός
1208 3010 1471 3091 οἷργύριον
1509 3012 1609 3075 τοὶς
1646 3013 1879 3090 τρίχαςν

236 3102 314 3164 τὰ
361 3100 410 3161 δ’
451 3099 521 3161 ἂν
562 3100 793 3179 ἐλκύσῃ,
837 3103 1012 3160 τοῦτο
1051 3102 1126 3177 τῇ
1176 3098 1466 3174 μελεδωνῷ
1509 3101 1620 3158 τῶν
1661 3099 1863 3174 θηρίων

240 3190 417 3251 διδοῖ·
445 3189 484 3266 ἡ
504 3187 551 3249 δ’
573 3187 689 3249 ἄντ’
706 3187 876 3249 αὐτοῦ
901 3185 1194 3261 τάμνουσα
1223 3184 1396 3262 ἰχθῦς,
1423 3184 1655 3263 παρέχει
1679 3183 1865 3262 βορὴν

238 3280 413 3339 τοῖσι
467 3277 734 3353 θηρίοισι.
816 3271 1004 3352 τροφὴ
1062 3274 1167 3348 μὲν
1226 3269 1295 3345 δή
1355 3270 1579 3331 αὐτοῖσι
1635 3270 1866 3346 τοιαύτη
