2184 3517
248 125 540 192 142-144]
895 128 1224 179 ΕΤΤΕΡΠΗ.
1760 134 1856 189 179

240 206 437 267 σίοισί
454 231 518 266 τε
552 206 646 266 καὶ
678 206 1100 285 τεσσεράκοντα
1142 208 1337 288 ἔλεγον
1365 205 1495 267 θεὸν
1521 206 1855 285 ἀνθρωποει-

241 293 344 354 δέα
371 292 570 354 ούδένα
594 293 877 374 γενέσθαι·
921 291 986 355 οὗ
1021 294 1216 371 μέντοι
1255 293 1381 354 οὐδὲ
1415 293 1703 371 πρότερον,
1733 295 1860 356 οὐδὲ

238 380 487 460 ὕστερον
526 386 585 441 ἐν
621 385 776 441 τοῖσι
810 381 1180 442 ῦπολοίποισι
1216 382 1506 463 Αἰγύπτου
1540 384 1859 458 βασιλεῦσι

237 470 615 551 γενομένοισι,
644 469 841 550 ἔλεγον
864 472 1119 529 τοιοῦτον
1146 467 1323 529 οὐδέν.
1385 474 1444 529 ἑν
1468 469 1654 530 τοίνυν
1677 470 1856 552 τούτῳ

237 562 324 637 τῷ
343 557 528 638 χρόνῳ
550 555 804 635 τετράκις
830 558 1025 639 ἔλεγον
1053 557 1117 627 ἐξ
1138 556 1317 632 ἠθέων
1335 556 1438 618 τᾶν
1461 557 1626 634 ἥλιον
1645 556 1856 620 ἀνατεῖ-

238 648 349 705 λαι
374 646 531 725 (ἔνθα
555 671 617 705 τε
642 649 741 706 νῦν
767 644 1097 705 καταδύεται
1132 645 1382 706 ἐνθεῦτεν
1408 645 1491 709 δὶς
1518 649 1855 718 ἐπαντεῖλαι,

240 734 343 792 καὶ
367 733 523 794 ἔνθεν
546 737 646 794 νῦν
672 732 972 794 ἀνατέλλει
1002 733 1241 794 ἐνθαῦτα
1268 733 1349 797 δὶς
1377 733 1723 815 καταδῦναι·)
1763 736 1858 796 καὶ

242 819 407 881 οὐδὲν
444 825 557 882 τῶν
596 819 715 881 κατ’
755 821 1042 903 Αἴγυπτον
1080 819 1194 882 find
1233 824 1410 882 ταῦτα
1453 823 1854 900 ἑτεροιωθῆναι,

241 906 376 968 οὔτε
409 909 483 969 τοὶ
522 910 584 969 ἐκ
620 911 727 986 τῆς
764 912 873 991 γῆς
913 906 1042 969 οὔτε
1079 909 1155 969 τοὶ
1197 914 1260 970 ἑκ
1298 913 1400 970 τοῦ
1438 915 1702 987 ποταμοῦ
1741 918 1856 987 σφι

238 995 513 1077 γινόμενα
550 995 681 1058 οὔτε
717 997 790 1058 τά
815 995 968 1075 ἀμφὶ
1006 996 1244 1061 νούσους
1285 995 1413 1059 οὔτε
1449 996 1524 1057 τοὶ
1559 997 1700 1058 κατὰ
1730 1000 1859 1064 τοῦς

242 1083 537 1150 θανάτους.
618 1084 912 1163 Πρότερον
943 1084 1003 1144 δὲ
1026 1083 1303 1164 Ἑκαταίῳ
1337 1088 1416 1164 τῷ
1445 1088 1731 1165 λογοποιῷ
1758 1092 1816 1145 ἐν
1835 1087 1950 1147 143

241 1170 486 1252 Θήβῃσι
520 1172 1008 1255 γενεηλογήσαντί
1036 1197 1104 1233 τε
1143 1172 1346 1233 ἑωυτόν
1382 1170 1475 1232 καὶ
1514 1170 1858 1248 ἀναδήσαντι

239 1258 354 1335 τήν
377 1260 618 1339 πατριὴν
644 1265 701 1325 ἐς
736 1260 1120 1321 ἑκκαιδέκατον
1152 1259 1298 1332 θεόν,
1337 1257 1612 1336 ἐποιήσαν
1636 1262 1691 1319 οἳ
1718 1260 1858 1338 ἱρέες

239 1351 350 1408 τοῦ
375 1347 514 1412 Διός
539 1346 658 1410 οἷόν
680 1373 739 1409 τι
773 1350 866 1408 καὶ
902 1349 1029 1426 ε’μοὶ
1063 1348 1129 1409 οὖ
1154 1345 1634 1430 γενεηλογήσαντι
1660 1352 1855 1425 ἐμεωυ-

238 1433 368 1496 τόν·
421 1435 798 1519 ἐσαγαγόντες
835 1440 892 1501 ἔς
923 1435 990 1497 τὰ
1026 1436 1277 1517 μέγαρον
1302 1439 1430 1506 ἔσω,
1460 1435 1553 1497 ε’ὂν
1576 1436 1741 1517 μέγα,
1769 1437 1853 1506 ἐξ·

240 1523 514 1601 ηρίθμεον
549 1523 854 1588 δεικνύντες
896 1523 1218 1589 κολοσσοῦς
1256 1524 1511 1595 ξυλίνους
1545 1523 1854 1589 τοσούτους

242 1610 418 1676 ὅσους
468 1637 576 1689 περ
628 1611 805 1673 εἶπον·
888 1611 1150 1692 α’ρχιρεῦς
1199 1611 1311 1693 γάρ
1372 1611 1609 1674 ἕκαστος
1661 1611 1857 1673 αὐτόθι

244 1699 476 1761 ἵσταται
500 1700 593 1760 ε’πὶ
617 1703 719 1777 τῆς
744 1703 948 1761 ἑωυτοῦ
979 1698 1112 1775 ζόης
1148 1698 1331 1761 εἰκόνα
1368 1703 1588 1760 ἑωυτοῦ·
1631 1697 1855 1777 ἀριθμέ-

243 1812 402 1852 οντες
437 1787 514 1849 ὧν
550 1787 644 1848 καὶ
673 1787 976 1852 δεικνύντες
1009 1790 1063 1848 οἱ
1101 1788 1241 1866 ἱρέες
1279 1787 1421 1866 ε’μοὶ,
1455 1787 1857 1848 ἀπεδείκνυσαν

242 1876 422 1935 παῖδα
444 1875 661 1954 πατρός
686 1880 895 1938 ἑωυτῶν
921 1877 1163 1937 ἕκαστον
1188 1874 1366 1946 ἐόντα,
1396 1880 1457 1936 ἐκ
1481 1878 1582 1935 τοῦ
1607 1873 1857 1956 ἄγχιστα

243 1961 627 2028 ἀποθανόντος
664 1967 769 2040 τῆς
807 1962 1015 2028 εἰκόνος
1046 1962 1339 2034 διεξιόντες
1370 1963 1462 2023 διὰ
1500 1963 1728 2023 πασέων
1754 1963 1852 2027 ἔως

243 2047 316 2112 οὗ
352 2050 628 2123 ἀπέδεξαν
668 2051 897 2116 ἀπάσας
937 2051 1129 2116 αὐτάς·
1180 2050 1455 2132 Ἑκαταίῳ
1495 2051 1558 2110 δὲ
1594 2055 1855 2132 γενεηλο-

240 2138 489 2221 γήσαντι
554 2139 754 2201 ἑωυτόν
814 2141 907 2201 καὶ
965 2139 1310 2217 ἀναδήσαντι
1362 2145 1419 2204 ἐς
1472 2139 1854 2201 ἑκκαιδέκατον

243 2226 392 2299 θεὸν,
429 2227 981 2310 ἀντεγενεηλόγησαν
1018 2229 1112 2289 ἐπὶ
1148 2232 1222 2308 τῇ
1263 2226 1568 2305 ἀριθμήσει
1606 2226 1670 2286 οὔ
1703 2227 1853 2289 δεκό-

238 2341 402 2393 μενοι
451 2316 584 2394 παρ’
638 2315 808 2377 αύτοῦ
862 2315 975 2377 ἀπὸ
1029 2317 1163 2377 θεοῦ
1219 2315 1485 2397 γενέσθαι
1542 2312 1852 2391 ἄνθρωπον·

241 2403 796 2486 ἀντεγενεηλόγησαν
852 2403 913 2464 δὲ
971 2402 1090 2479 ὦδε,
1150 2403 1392 2480 φάμενοι
1450 2401 1690 2462 ἕκαστον
1741 2406 1852 2464 τῶν

241 2496 548 2554 κολοσσῶν
601 2494 858 2571 Πίρωμιν
911 2497 974 2553 ἑκ
1028 2491 1318 2570 Πιρῶμιος
1369 2491 1672 2574 γεγονέναι,
1720 2491 1776 2554 ἔς
1818 2490 1854 2552 ὃ

242 2580 377 2645 τοῦς
410 2581 580 2642 πέντε
612 2581 707 2641 καὶ
740 2580 1161 2660 τεσσεράκοντα
1200 2580 1294 2639 καὶ
1332 2579 1686 2658 τριηκοσίους
1719 2576 1852 2639 ἀπέ-

239 2668 405 2739 δεξαν
447 2667 770 2734 κολοσσοῦς
809 2669 1067 2747 Πίρωμιν
1108 2673 1171 2729 ἐκ
1211 2666 1498 2747 Πιρῶμιος
1535 2667 1851 2750 γενόμενον,

239 2757 336 2815 καὶ
386 2755 516 2819 οὔτε
568 2763 625 2823 ἐς
664 2756 795 2819 θεὸν
840 2754 967 2817 οὔτε
1009 2762 1066 2821 ἐς
1106 2756 1263 2834 ἥρωα
1314 2755 1593 2833 ἀνέδησαν
1634 2755 1851 2821 αὐτούς·

239 2845 498 2924 Πίρωμις
557 2845 623 2905 δέ
678 2850 803 2906 ἔστι
859 2843 978 2906 κατ’
1027 2843 1287 2904 Ἑλλάδα
1343 2846 1622 2927 γλῶσσαν
1680 2845 1855 2907 καλὰς

238 2931 506 3014 κάγαθός.
550 2931 706 3009 Ἤδη
748 2932 824 2993 ὦν
860 2936 971 2994 τῶν
1011 2935 1073 2992 αἶ
1113 2930 1314 2996 εἰκόνες
1349 2930 1499 3007 ἦσαν
1531 2931 1813 2992 τοιούτους
1830 2931 1946 2990 144

237 3019 646 3081 ἀπεδείκνυσάν
674 3024 859 3097 σφεας
886 3019 1101 3082 πάντας
1136 3019 1344 3088 ἐόντας,
1374 3020 1514 3079 θεῶν
1545 3019 1606 3076 δὲ
1630 3016 1852 3076 πολλόν

235 3106 735 3188 ἀπαλλαγμένους·
775 3108 841 3168 τὸ
868 3108 928 3167 δὲ
957 3104 1234 3183 ’πρότερον
1258 3109 1370 3164 τῶν
1405 3103 1615 3181 ἀνδρῶν
1639 3102 1849 3163 τούτων

233 3195 400 3260 θεοὺς
452 3195 595 3256 εἶναι
637 3194 769 3259 τοῦς
815 3199 875 3254 ἐν
916 3190 1183 3275 Αἰγύπτῳ
1237 3189 1528 3270 ἄρχοντας,
1572 3190 1851 3255 οἰκέοντας

230 3279 359 3360 ἅμα
399 3284 559 3357 τοῖσι
612 3280 979 3360 ἀνθρώποισι·
1047 3278 1141 3337 καὶ
1186 3277 1398 3339 τούτων
1448 3275 1557 3337 αἰεὶ
1604 3276 1700 3338 ἕνα
1748 3276 1853 3340 τδν
