2184 3517
194 143 416 206 εις-σι]
848 142 1175 192 ΕΎΤΕΡΠΗ.
1704 145 1799 200 137

194 220 567 298 ἐποιήθησαν.
634 222 1094 304 Πανηγυρίζουσι
1119 222 1179 283 δὲ
1201 223 1501 307 Αἷγύπτιοι
1526 223 1627 286 οὔκ
1652 223 1807 297 ἅπαξ
1820 227 1899 290 59

195 313 296 369 τοῦ
323 313 592 379 ἐνιαυτοῦ,
621 310 927 390 πανηγύρις
952 310 1012 370 δὲ
1038 310 1270 391 συχνοῖς·
1301 312 1560 390 μάλιστα
1583 314 1688 390 μὲν
1714 314 1807 375 καὶ

195 396 601 474 προθυμότατα
660 402 718 462 ἐς
769 397 1103 474 Βούβαστιν
1156 398 1329 460 πόλιν
1378 403 1452 480 τῇ
1502 398 1806 479 Ἀρτέμιδι·

194 483 429 562 δεύτερα
457 490 513 549 ἐς
537 484 808 564 Βούσιριν
832 485 1003 547 πόλιν
1027 491 1102 567 τῇ
1117 485 1255 548 Ἴσι·
1298 490 1358 547 ἔν
1392 486 1568 567 ταύτῃ
1600 488 1713 569 γάρ
1739 487 1810 566 δὴ

192 576 270 651 τῇ
313 572 459 633 πόλι
507 572 632 634 ἐστὶ
674 574 948 654 μέγιστον
981 573 1164 639 Ἴσιος
1213 573 1349 651 ἱρόν·
1405 575 1619 653 ἵδρυται
1665 575 1726 636 δὲ
1769 575 1811 654 ἦ

192 660 369 725 πόλις
394 660 538 738 αὕτη
563 665 665 737 τῆς
696 661 986 742 Αἰγύπτου
1023 666 1083 723 ἔν
1113 662 1273 742 μέσῳ
1307 664 1384 741 τῷ
1422 664 1634 725 Δέλτα·
1662 662 1812 730 Ἶσις

192 749 262 809 δέ
285 755 415 810 ε’στι
436 749 578 810 κατά
597 750 701 826 τὴν
716 748 1010 826 Ἑλλήνων
1026 753 1308 832 γλῶσσαν
1328 750 1622 830 Δημήτηρ·
1648 751 1810 829 τρίτα

193 836 246 896 δ’
274 842 335 901 ἐς
361 837 501 903 Σάῖν
527 836 699 898 πόλιν
724 841 797 915 τῇ
820 836 1092 916 Ἀθηναίῃ
1120 838 1579 918 πανηγυρίζουσι·
1617 839 1809 918 τέταρ-

193 950 272 986 τα
299 925 363 985 δὲ
389 930 445 989 ἐς
467 924 845 987 Ἡλιούπολιν
868 929 946 1005 τῷ
979 924 1182 1006 Ἡλίῳ·
1223 926 1453 1004 πέμπτα
1484 926 1544 986 δὲ
1581 931 1637 990 ἐς
1672 933 1812 988 Βου-

193 1017 338 1073 τοῦν
370 1013 540 1075 πόλιν
573 1017 647 1091 τῇ
688 1015 888 1090 Λητοῖ·
931 1014 1062 1074 ἔκτα
1104 1014 1164 1073 δὲ
1209 1018 1266 1079 ἐς
1307 1012 1616 1092 Πάπρημιν
1640 1014 1811 1075 πόλιν

194 1105 279 1181 τῷ
323 1099 505 1179 ”Apta
582 1099 679 1166 Ἐς
730 1102 835 1178 μέν
888 1127 985 1162 νυν
1037 1100 1372 1178 Βούβαστιν
1422 1101 1593 1162 πόλιν
1645 1101 1813 1162 ε’πεοὶν
1828 1103 1908 1163 60

201 1189 554 1266 κομίζωνται,
581 1192 805 1249 ποιεῦσι
838 1189 1044 1250 τοιάδε·
1084 1189 1337 1250 πλέουσί
1364 1214 1427 1250 τε
1456 1187 1568 1270 γάρ
1598 1188 1667 1266 δή
1695 1187 1814 1268 ἅμα

198 1275 399 1354 ἄνδρες
432 1278 670 1359 γυναιξὶ,
710 1277 803 1337 καὶ
836 1276 1063 1338 πολλόν
1091 1303 1149 1338 τι
1188 1277 1410 1354 πλῆθος
1451 1277 1718 1355 ἑκατέρων
1753 1281 1814 1338 έν

201 1363 420 1445 ἑκάστῃ
458 1364 619 1445 βάρι·
669 1368 733 1424 αἱ
770 1364 876 1442 μέν
913 1389 1057 1428 τινες
1094 1368 1206 1426 τῶν
1244 1366 1518 1445 γυναικῶν
1564 1364 1814 1443 κρόταλα

200 1453 444 1533 ἔχουσαι
483 1453 896 1532 κροταλίζουσι,
939 1456 995 1514 οἶ
1035 1452 1096 1513 δὲ
1136 1451 1404 1513 αὐλέουσι
1450 1452 1592 1514 κατά
1630 1452 1815 1513 πάντα

197 1541 311 1601 τᾶν
333 1541 533 1602 πλόον·
570 1541 708 1601 αἰδὲ
733 1542 932 1601 λοιπαὶ
949 1543 1204 1622 γυναῖκες
1231 1540 1323 1600 καὶ
1351 1539 1540 1618 ἅνδρες
1565 1538 1814 1601 ἀείδουσι

201 1630 309 1688 καὶ
345 1628 448 1693 τάς
484 1632 677 1709 χεῖρας
717 1629 1028 1707 κροτέουσι·
1072 1626 1241 1690 ε’πεοὶν
1276 1628 1336 1688 δὲ
1370 1628 1638 1693 πλέοντες
1672 1627 1815 1689 κατά

198 1741 337 1778 τινα
370 1716 540 1778 πόλιν
581 1717 767 1794 ἄλλην
796 1717 1079 1798 γένωνται,
1115 1717 1477 1798 ἔγχρίψαντες
1509 1714 1617 1792 τήν
1640 1714 1813 1793 βάριν

200 1808 283 1883 τῇ
328 1809 407 1885 γῇ
449 1808 674 1865 ποιεῦσι
719 1804 925 1865 τοιάδε·
969 1807 1028 1864 αἶ
1067 1805 1174 1881 μέν
1211 1829 1355 1868 τινες
1395 1806 1507 1864 τῶν
1544 1806 1818 1884 γυναικῶν

203 1897 437 1953 ποιεῦσι
462 1892 639 1970 τάπερ
677 1893 883 1970 εἴρηκα,
921 1894 981 1952 αἱ
1012 1892 1072 1951 δὲ
1112 1890 1426 1964 τωθάζουσι
1451 1891 1679 1968 βοῶσαι
1712 1889 1814 1955 τοῖς

205 1985 271 2040 ἔν
303 1984 375 2059 τῇ
410 1981 578 2041 πόλει
613 1980 788 2059 ταύτῃ
823 1983 1107 2062 γυναῖκας·
1149 1982 1207 2040 αἱ
1237 1978 1285 2039 δ’
1320 1978 1630 2059 ὀρχέονται·
1671 1980 1730 2038 αἱ
1766 1975 1816 2039 δ’

204 2066 588 2146 ἀνασύρονται
613 2067 998 2145 ἀνιστάμεναι.
1049 2071 1229 2129 ταῦτα
1252 2067 1406 2145 παροὶ
1431 2070 1624 2127 πᾶσαν
1646 2065 1818 2127 πόλιν

203 2157 649 2234 παραποταμίην
687 2160 930 2216 ποιεῦσι·
975 2156 1142 2216 ε’πεοῖν
1182 2157 1241 2216 δὲ
1280 2154 1582 2216 ἀπίκωνται
1622 2159 1676 2219 ἐς
1712 2152 1817 2230 τήν

204 2244 562 2322 Βούβαστιν,
614 2243 914 2321 ὁρτάζουσι
962 2244 1218 2326 μεγάλας
1257 2242 1554 2323 ἀνάγοντες
1598 2243 1816 2307 θυσίας·

206 2332 308 2391 καὶ
334 2331 483 2396 οἶνος
513 2330 820 2410 ἀμπέλινος
855 2330 1251 2409 ἀναισιμοῦται
1286 2330 1463 2389 πλέον
1493 2334 1553 2389 ἕν
1582 2331 1655 2407 τῇ
1681 2327 1820 2409 ὁρτῇ

204 2419 389 2498 ταύτῃ
413 2418 451 2496 ἢ
478 2424 536 2480 ἐν
560 2424 637 2500 τῷ
662 2419 866 2480 ἅπαντι
895 2424 1121 2499 ἐνιαυτῷ
1146 2423 1222 2499 τῷ
1250 2419 1537 2496 ἐπιλοίπῳ·
1575 2421 1819 2494 συμφοι-

205 2507 386 2566 τέωσι
426 2506 553 2567 δὲ’
520 2533 552 2568 ο
585 2533 641 2567 τι
673 2506 815 2583 ἀνηρ
860 2508 953 2566 καὶ
994 2506 1141 2588 γυνή
1184 2511 1309 2567 ε’στι
1349 2505 1527 2585 (πλὴν
1567 2504 1819 2585 παιδίων)

207 2595 309 2653 καὶ
345 2599 403 2659 ε’ς
439 2593 828 2673 εβδομήκοντα
862 2594 1151 2688 μυριάδας,
1196 2593 1267 2659 ὥς
1308 2597 1362 2655 οἱ
1406 2592 1690 2673 ε’πιχωριοι
1728 2591 1820 2653 λε’-

206 2708 403 2763 γουσι·
428 2686 606 2743 ταῦτα
629 2685 734 2762 μὲν
759 2683 828 2760 δη
856 2683 1030 2762 ταύτῃ
1056 2682 1321 2744 ποιέεται.
1374 2680 1472 2743 Ἐν
1498 2682 1556 2742 δὲ
1585 2681 1821 2760 Βουσίρι
1837 2681 1906 2741 61

205 2771 355 2831 πόλι
390 2770 462 2836 ὦς
497 2770 772 2853 ἀνάγουσι
808 2775 880 2851 τῇ
911 2770 1032 2832 Ἴσι
1076 2797 1182 2847 την
1217 2770 1402 2849 ὄρτην,
1442 2771 1653 2850 εἴρηται
1687 2767 1821 2848 πρό-

206 2858 377 2936 τερόν
398 2885 518 2936 μοι.
598 2858 903 2920 τύπτονται
928 2862 1031 2937 μὲν
1056 2859 1168 2937 γάρ
1201 2859 1269 2936 δὴ
1297 2860 1440 2936 μετοὶ
1478 2859 1585 2934 τήν
1621 2859 1822 2933 θυσίην

207 2947 418 3011 πάντες
439 2948 531 3007 καὶ
556 2950 757 3018 πᾶσαι,
777 2948 1037 3026 μυριάδες
1057 2946 1235 3024 κάρτα
1258 2947 1475 3006 πολλαὶ
1500 2944 1819 3022 ἀνθρώπων·

206 3034 309 3095 τὸν
336 3035 398 3095 δὲ
420 3035 724 3096 τύπτονται
752 3062 816 3095 ου
840 3061 940 3113 μοι
973 3033 1135 3096 ὅσιόν
1162 3039 1285 3095 ε’στι
1317 3034 1522 3114 λέγειν.
1604 3031 1734 3093 ὅσοι
1759 3030 1821 3092 δὲ

209 3126 422 3200 Καρων
449 3124 561 3183 εἰσὶ
587 3128 646 3182 ἐν
673 3123 939 3205 Αῖγιπτω
967 3123 1253 3191 οἰκέοντες,
1294 3146 1448 3180 ουτοι
1480 3120 1541 3179 δὲ
1566 3117 1820 3198 τοσούτῳ

210 3212 292 3272 ἔτι
331 3211 490 3271 πλέω
528 3214 759 3272 ποιεῦσι
797 3211 1023 3280 τούτων,
1056 3209 1174 3289 ὅσω
1215 3209 1308 3268 καὶ
1346 3208 1419 3268 τοὶ
1457 3210 1687 3285 μέτωπα
1729 3204 1819 3266 κό-

208 3320 449 3425 πτοντὲἒι
485 3301 824 3380 μαχαίρῃσι·
873 3299 967 3358 καὶ
1004 3297 1183 3376 τούτω
1223 3296 1335 3357 εἶσὶ
1376 3294 1616 3372 δῆλοι
1581 3321 1670 3357 οτι
1708 3293 1822 3354 εἶσὶ

1452 3446 1477 3471 ὑ
