2184 3517
359 55 456 103 206
962 49 1329 100 ἩΡοΔοΤοτ
1819 50 1956 114 [111.

357 131 765 208 ἀπολομένοισι
802 131 910 192 σῦν
946 134 1020 210 τῇ
1059 130 1170 206 νηΐ·
1229 132 1407 190 ταῦτα
1443 130 1556 212 γὰρ
1597 130 1864 192 ἐδίκασαν
1903 136 1963 193 οἶ

358 219 661 298 βασιλήϊοι
717 219 993 289 δικασταὶ,
1053 217 1196 295 ὑπὲρ
1259 217 1457 301 ἀνδρὸς
1515 219 1758 280 ἑκάστου
1825 221 1964 281 δέκα

360 309 674 389 Αἰγυπτίων
708 311 819 367 τῶν
855 305 1087 383 πρώτων
1122 305 1613 367 ἀνταπόλλυσθαι·
1670 307 1704 367 ὁ
1731 307 1794 367 δὲ
1831 309 1963 370 ἰδών

359 394 735 472 παρεξιόντας,
776 396 869 454 καὶ
912 393 1108 471 μαθών
1147 393 1247 454 τόν
1290 394 1467 454 παῖδα
1508 394 1818 476 τ’·γεόμενον
1865 399 1962 457 ἐπὶ

362 483 615 552 θάνατον,
646 486 756 542 τῶν
790 480 980 541 ἄλλων
1012 483 1331 563 Αἰγυπτίων
1363 487 1475 542 τῶν
1507 485 1964 560 περικατημένων

360 570 529 631 αύτὸν
552 569 854 630 κλαιόντων
878 569 972 628 καὶ
997 569 1148 629 δεινοὶ
1171 569 1486 641 ποιεύντων,
1511 569 1692 630 τωυτὸ
1720 572 1962 649 ἐποίησε

358 658 427 719 τό
453 659 545 716 καὶ
572 658 664 716 ἐπὶ
688 661 761 735 τῇ
786 658 1036 739 θυγατρί.
1104 657 1497 735 παρελθόντων
1522 657 1704 717 δὲκαὶ
1728 658 1959 731 τούτων,

362 745 647 821 συνήνεικε
685 744 832 805 ὥστε
869 749 981 805 τῶν
1020 745 1351 821 συμποτέων
1383 747 1439 804 οἱ
1473 743 1649 822 ἄνδρα
1687 745 1960 823 ἀπηλικὲ

361 858 578 910 στερον,
607 832 995 893 ἐκπεπτωκότα
1019 837 1080 892 ἐκ
1104 836 1215 892 τῶν
1241 831 1454 902 ἐόντων,
1483 832 1683 911 ἔχοντα’.
1707 858 1774 893 τε
1799 835 1962 897 οὐδὲν

361 925 413 982 εἰ
438 920 521 997 μή
553 920 667 981 ὅσα
704 920 925 999 πτωχός
960 920 1055 980 καὶ
1086 922 1498 997 προσαιτέοντα
1526 919 1633 996 τήν
1662 923 1956 999 στρατιὴν,

360 1009 614 1087 παριέναι
651 1007 1016 1086 Ψαμμήνιτόν
1052 1033 1117 1068 τε
1153 1007 1254 1068 τὸν
1277 1006 1553 1083 Ἀμάσιος
1593 1008 1688 1068 καὶ
1724 1009 1859 1074 τούς
1900 1017 1962 1072 ἐν

359 1101 438 1176 τῷ
483 1098 797 1176 προαστείῳ
847 1096 1186 1173 κατημένους
1232 1099 1344 1156 τῶν
1394 1097 1733 1176 Αἰγυπτίων·
1809 1098 1843 1159 ὅ
1898 1099 1963 1160 δὲ

362 1184 722 1265 Ψαμμήνιτος
761 1184 831 1248 ὥς
868 1183 966 1255 ἴδε,
991 1182 1349 1247 ἀνακλαύσας
1386 1184 1535 1264 μέγα
1572 1185 1667 1244 καὶ
1707 1188 1963 1251 καλέσας

363 1273 629 1351 οὐνόματι
650 1273 750 1334 τὸν
784 1276 1015 1348 ἑταῖρον,
1043 1270 1328 1347 ἐπλήξατο
1357 1271 1462 1347 τήν
1487 1273 1764 1349 κεφαλήν·
1805 1274 1962 1350 ἦσαν

362 1361 411 1420 δ’
449 1360 558 1439 ἄρα
610 1361 780 1422 αὐτοῦ
832 1360 1094 1436 φύλακοι,
1136 1358 1191 1419 οἳ
1226 1358 1294 1419 τὰ
1344 1359 1676 1437 ποιεύμενον
1727 1366 1843 1422 πᾶν
1898 1365 1966 1434 ἐξ

364 1450 569 1510 ἐκείνου
596 1448 678 1509 ἐπ’
705 1448 912 1528 ἑκάστῃ
938 1448 1106 1527 ἐξόδῳ
1130 1446 1428 1527 Καμβύσῃ
1455 1447 1778 1525 ἐσήμαινον·
1819 1452 1958 1512 θωυ-

362 1537 552 1614 μάσας
589 1537 650 1596 δὲ
688 1536 722 1597 ὁ
761 1535 1086 1614 Καμβύσης
1123 1536 1196 1596 τοὶ
1233 1535 1550 1611 ποιεύμενα,
1591 1537 1821 1616 πέμψας
1858 1538 1960 1622 α”γ-

361 1628 533 1705 γελον
584 1624 780 1702 εἰρώτα
829 1623 1011 1695 αὐτὸν,
1056 1624 1239 1706 λέγων
1281 1623 1433 1684 τάδε·
1501 1625 1847 1702 ’(Δεσπότης
1887 1653 1963 1688 σε

365 1712 703 1790 Καμβύσης,
756 1711 1100 1789 Ψαμμήνιτε,
1154 1715 1366 1791 εἰρωτᾷ,
1406 1711 1548 1773 διότι
1600 1711 1670 1788 δή
1709 1713 1815 1788 τήν
1852 1718 1963 1792 μὲν

365 1800 640 1881 θυγατέρα
689 1801 858 1878 ὁρέων
908 1802 1304 1877 κεκακωμένην,
1352 1801 1447 1860 καὶ
1486 1801 1592 1861 τὸν
1641 1802 1818 1861 παῖδα
1866 1805 1962 1863 ἐπὶ

365 1887 604 1950 θάνατον
626 1890 941 1969 στείχοντα,
962 1888 1087 1950 οὔτε
1106 1889 1399 1966 ἀνέβωσας
1423 1887 1550 1949 οὔτε
1573 1888 1961 1956 ἀπέκλαυσας·

364 1974 464 2036 τόν
507 1977 570 2036 δὲ
616 1977 841 2057 πτωχόν
890 1976 1048 2038 οὐδέν
1084 2001 1184 2037 σοι
1235 1975 1611 2054 προσήκοντα,
1653 1976 1726 2040 ὦς
1764 1977 1965 2040 ἄλλων

362 2064 725 2143 πυνθάνομαι,
759 2069 1027 2143 ἐτίμησας
1045 2063 1092 2135 ;”
1133 2063 1165 2125 ὁ
1203 2066 1308 2141 μὲν
1345 2063 1414 2139 δή
1451 2067 1630 2124 ταῦτα
1670 2066 1960 2143 ἐπειρώτα,

366 2150 402 2211 ὅ
427 2151 474 2212 δ’
499 2152 767 2232 ἀμείβετο
792 2153 1003 2213 τοῖσδε·
1043 2151 1133 2211 “ὦ
1167 2155 1275 2211 παῖ
1297 2151 1506 2229 Κύρου,
1533 2151 1607 2211 τὰ
1639 2155 1746 2229 μὲν
1773 2154 1962 2230 οἰκήῖα

364 2238 437 2317 ἦν
459 2243 605 2319 μέζω
632 2241 774 2302 κακοὶ
796 2239 834 2317 ἢ
864 2241 1009 2302 ὥστε
1043 2239 1381 2301 ἀνακλαίειν·
1419 2239 1487 2300 τὰ
1513 2239 1575 2298 δὲ
1606 2245 1711 2300 τοῦ
1738 2243 1963 2318 ἑταίρου

367 2330 568 2394 πένθος
612 2328 768 2401 ἀξιον
812 2329 883 2406 ἦν
927 2327 1191 2406 δακρύων·
1274 2327 1337 2391 ὃς
1375 2332 1436 2388 ἐκ
1480 2330 1717 2388 πολλῶν
1754 2354 1821 2389 τε
1866 2332 1963 2390 καὶ

365 2416 699 2494 εὐδαιμόνων
723 2416 974 2478 ἐκπεσών
992 2422 1047 2479 ἐς
1069 2415 1354 2495 πτωχηίην
1378 2413 1605 2474 ἀπῖκται
1631 2415 1723 2475 ἐπὶ
1746 2415 1964 2496 γήραος

368 2503 559 2582 ούδῷ.”
636 2505 730 2564 καὶ
761 2509 938 2565 ταῦτα
968 2503 1040 2567 ὥς
1071 2503 1463 2581 ἀπενειχθέντα
1495 2501 1607 2561 ύπὸ
1640 2500 1862 2574 τούτου,
1896 2511 1961 2575 εὖ

368 2591 575 2652 δοκέειν
614 2596 668 2653 οἶ
708 2594 982 2670 εἰρῆσθαι·
1034 2591 1107 2656 οἷς
1141 2591 1202 2652 δὲ
1238 2592 1464 2671 λέγεται
1500 2589 1594 2649 ὑπ’
1621 2593 1965 2672 Αἰγυπτίων,

368 2678 619 2756 δακρύειν
668 2682 772 2757 μὲν
823 2684 1091 2757 Κροῖσον,
1140 2677 1440 2759 (ἐτετεύχεε
1489 2678 1601 2759 γὰρ
1653 2679 1748 2737 καὶ
1801 2677 1968 2743 οὗτος

369 2767 740 2844 ἐπισπόμενος
780 2767 1075 2846 Καμβύσῃ
1117 2764 1203 2826 ἐπ’
1241 2766 1564 2846 Αἶγυπτον,)
1607 2765 1865 2843 δακρύειν
1894 2767 1967 2827 δὲ

371 2855 639 2930 Περσέων
671 2880 799 2918 τους
826 2854 1150 2930 παρεόντας·
1205 2852 1351 2931 αύτῶ
1382 2878 1447 2913 τε
1471 2853 1774 2932 Καμβύσῃ
1802 2857 1966 2915 ἐσελ-

369 2941 488 3001 θεῖν
512 2940 698 3001 οἶκτόν
721 2967 859 3011 τινα,
889 2941 981 3000 καὶ
1006 2940 1202 3001 αὐτίκα
1228 2938 1471 2999 κελεύειν
1494 2939 1596 3000 τόν
1619 2965 1683 2999 τε
1709 2944 1767 3000 οἱ
1790 2942 1973 3001 παῖδα

371 3031 433 3083 ἐκ
457 3031 568 3087 τῶν
592 3026 992 3104 ἀπολλυμένων
1016 3027 1214 3097 σώζειν
1248 3027 1340 3084 καὶ
1376 3025 1544 3087 αύτὸν
1570 3032 1632 3085 ἐκ
1661 3033 1768 3088 τοῦ
1793 3051 1973 3105 προα·

284 3109 354 3166 15
374 3113 562 3171 στείου
588 3113 1015 3190 ἀναστήσαντας
1043 3112 1200 3193 ἄγειν
1224 3112 1354 3189 παρ’
1381 3113 1600 3174 ἑωυτόν·
1637 3113 1742 3175 τᾶν
1765 3120 1874 3193 μὲν
1896 3116 1979 3194 δή

375 3196 551 3253 παῖδα
592 3196 751 3274 εὗρον
796 3202 850 3258 οἱ
896 3198 1174 3274 μετιόντες
1226 3198 1408 3258 οὐκέτι
1452 3199 1765 3275 περιεόντα,
1812 3202 1982 3263 ἀλλὰ
