2184 3517
252 95 545 163 127-1301
962 96 1234 150 ouum.
1766 103 1867 156 263

251 177 434 256 ὀρέων
460 178 524 239 δέ
550 182 734 255 σφεας
767 176 842 239 τά
868 201 933 238 τε
961 179 1180 255 βιβλία
1213 175 1565 253 σεβομένους
1588 180 1865 261 μεγάλως,

250 267 355 326 καὶ
388 265 462 327 τοὶ
490 263 772 347 λεγόμενα
808 269 870 325 ἐκ
902 269 1015 326 τῶν
1042 266 1297 342 βιβλίων
1327 263 1409 323 ἔτι
1440 265 1696 342 μεζόνως,
1725 268 1870 331 διδοῖ

253 351 411 413 ἅλῗλο
447 358 505 414 ἐν
533 356 612 432 τῷ
643 355 773 429 ἐνῆν
807 353 943 413 ἔπεα
975 353 1129 413 τάδε·
1170 362 1207 389 “
1224 380 1266 412 ω
1314 351 1552 428 Πέρσαι,
1583 355 1866 431 βασιλευς

254 443 497 518 Δαρεῖος
527 438 864 521 άπαγορευει
892 439 1027 517 ὑμῖν
1054 440 1137 517 μή
1165 440 1565 519 δορυφορέειν’
1570 443 1864 519 Οροίτεα·”

253 531 312 588 οἱ
361 529 428 588 δὲ
465 526 805 592 ἀκούσαντες
840 526 1051 589 τούτων
1092 527 1342 605 μετῆκάν
1386 532 1442 589 οἱ
1484 556 1587 596 τας
1625 532 1852 611 αἰχμάς·

254 615 388 676 mv
411 615 473 676 δὲ
496 615 664 678 τοῦτό
690 614 935 691 σφεας’
900 642 934 676 ο
960 619 1209 697 Βαγαῖος
1233 616 1590 692 πειθομένους
1614 623 1692 699 τῷ
1714 622 1857 697 βιβ-

253 704 381 783 λίῳ,
399 704 636 765 ἐνθαῦτα
653 702 723 779 δὴ
742 701 1040 782 θαρσήσας
1057 702 1126 764 τό
1145 708 1468 766 τελευταῖον
1479 710 1591 767 τῶν
1608 709 1863 785 βιβλίων

253 791 405 852 διδοῖ
424 795 504 871 τῷ
525 795 946 872 γραμματιστῇ,
975 797 1035 852 ἐν
1058 794 1138 871 τῷ
1162 792 1492 873 ἐγέγραπτο·
1524 802 1563 830 “
1580 796 1864 862 Βασιλεῦς

255 883 496 957 Δαρεῖος
528 881 796 959 Πέρσῃσι
826 882 982 940 τοῖσι
1013 884 1074 939 ἐν
1108 878 1345 957 Σάρδισι
1376 882 1695 944 ἐντέλλεται
1721 886 1862 946 κτεί-

254 992 372 1029 νειν
395 967 703 1046 Ὀροίτεα.”
770 969 827 1028 οἱ
858 967 919 1026 δὲ
949 966 1258 1046 δορυφόροι
1288 966 1360 1032 ὥς
1383 966 1634 1044 ἤκουσαν
1665 975 1857 1047 ταῦτα,

253 1055 620 1132 σπασάμενοι
643 1053 774 1119 τοῦς
798 1053 1088 1118 άκινάκεας
1109 1056 1385 1116 κτείνουσι
1403 1057 1718 1134 παραυτίκα
1740 1085 1859 1136 μιν.

256 1141 402 1204 οὕτω
451 1144 520 1219 δή
564 1142 824 1220 Ὀροίτεα
873 1142 975 1203 τόν
1026 1143 1262 1222 Πέρσην
1315 1144 1712 1222 Πολυκράτεος
1754 1149 1860 1208 τοῦ

256 1232 478 1308 Σαμίου
500 1231 678 1296 τίσιες
701 1231 1006 1308 μετῆλθον.

337 1318 714 1396 Ἀπικομένων
732 1319 793 1379 δὲ
809 1319 907 1379 -καὶ
924 1317 1411 1396 άνακομισθέντων
1426 1322 1539 1380 τῶν
1556 1318 1821 1398 Ὀροίτεω
1840 1324 1954 1384 129

252 1406 558 1486 χρημάτων
589 1413 645 1472 ἐς
674 1432 748 1467 τα
787 1407 1000 1478 Σοῦσα,
1033 1406 1323 1482 συνήνεικε
1352 1406 1534 1486 χρόνῳ
1565 1407 1631 1468 οὗ
1662 1413 1864 1490 πολλῷ

253 1495 497 1574 ὕστερον
535 1495 791 1572 βασιλέα
824 1498 1066 1573 Δαρεῖον
1108 1499 1168 1556 ἐν
1199 1493 1345 1604 ἄγρῃ
1386 1497 1569 1573 θηρων
1607 1495 1862 1576 ἀποθρώ-

253 1607 471 1645 σκοντα
496 1582 608 1645 άπο
638 1582 812 1644 ἵππου
838 1586 1164 1693 στραφῆναι
1189 1582 1288 1643 τόν
1311 1581 1478 1643 πόδα·
1519 1585 1618 1644 καί
1643 1611 1747 1649 κως
1775 1589 1858 1647 ἶσ-

197 1696 206 1705 ·
253 1672 567 1751 χυροτέρως
593 1670 869 1750 ἐστράφη·
902 1670 935 1731 ὁ
960 1669 1074 1752 γάρ
1092 1697 1147 1745 οι
1128 1668 1527 1752 ἀστράγαλος
1547 1673 1861 1751 ἐξεχώρησε

254 1764 320 1819 ἐκ
345 1763 455 1821 τῶν
474 1758 709 1837 ἄρθρων.
766 1758 1003 1836 νομίζων
1023 1759 1083 1818 δὲ
1111 1757 1202 1817 καὶ
1222 1757 1494 1836 πρότερον
1512 1760 1639 1836 περὶ
1660 1760 1863 1823 εωυτὸν

255 1847 408 1926 ἔχειν
436 1847 753 1928 Αἰγυπτίων
791 1871 923 1911 τους
962 1845 1253 1908 δοκέοντας
1288 1844 1428 1906 εἶναι
1467 1846 1719 1924 πρώτους
1756 1848 1862 1925 τήν

257 1933 527 2012 ἰητρικὴν,
558 1933 813 1995 τούτοισι
852 1936 1076 2013 ἐχρῆτο·
1119 1935 1175 1993 οἶ
1213 1933 1274 1993 δὲ
1312 1936 1728 2012 στρεβλοῦντες
1766 1936 1860 1997 καὶ

254 2022 529 2100 βιώμενοι
551 2021 653 2083 τᾶν
677 2022 842 2093 πόδα,
870 2021 1041 2081 κακὸν
1063 2022 1236 2098 μέζον
1262 2021 1581 2102 ἐργάζοντο·
1614 2022 1699 2083 ἐπ’
1720 2023 1860 2086 ἐπταῖ

254 2113 363 2188 μὲν
397 2111 468 2187 δὴ
497 2108 709 2188 ἡμέρας
745 2111 840 2170 καὶ
875 2109 1015 2170 ἐτι-τοὶ
1031 2108 1249 2173 ’νύκτας
1278 2108 1389 2169 ὖπὸ
1418 2113 1521 2170 τοῦ
1555 2111 1861 2188 παρεόντος

255 2202 431 2260 κακοῦ
460 2198 492 2259 ὅ
520 2203 760 2278 Δαρεῖος
788 2196 1134 2279 ἀγρυπνίῃσι
1159 2197 1360 2277 εἴχετο·
1398 2200 1472 2276 τῇ
1497 2197 1558 2256 δὲ
1587 2198 1655 2273 δὴ
1684 2198 1857 2281 ὀγδόῃ

252 2286 439 2367 ἡμέρῃ
482 2288 671 2366 ἔχοντί
707 2289 765 2347 οἳ
806 2285 1089 2363 φλαύρως,
1133 2285 1226 2345 οἶα
1266 2283 1336 2360 δὴ
1376 2285 1739 2361 παρακούσας
1775 2311 1860 2352 τις

251 2376 531 2453 πρότερον
555 2378 636 2435 ἔτι
669 2379 728 2436 ἐν
759 2372 999 2451 Σάρδισι
1030 2376 1135 2434 τοῦ
1165 2371 1562 2450 Κροτωνιήτεω
1596 2372 1859 2451 Δημοκή-

251 2464 382 2528 δεος
410 2464 517 2540 τήν
541 2464 760 2544 τέχνην,
788 2463 1130 2544 ἐσαγγέλλει
1158 2464 1236 2540 τῷ
1262 2459 1499 2540 Δαρείῳ·
1540 2459 1573 2521 o‘
1606 2460 1666 2520 δὲ
1701 2459 1857 2543 ἄγειν

252 2576 356 2629 μιν
384 2550 491 2628 τήν
526 2553 806 2632 ταχίστην
839 2548 971 2629 παρ’
997 2548 1200 2610 ἐωυτόν
1233 2549 1511 2611 ἐκέλευσε.
1575 2548 1676 2609 τόν
1700 2549 1762 2609 δὲ
1786 2548 1860 2614 ώς

252 2640 478 2718 ἐξεῦρον
523 2644 583 2700 ἐν
626 2643 783 2701 τοῖσι
832 2637 1098 2717 Ὀροίτεω
1144 2636 1552 2716 ἀνδραπόδοισι
1603 2636 1736 2698 ὅκου
1789 2637 1859 2714 δὴ

249 2725 709 2805 ἀπημελημένον,
734 2730 993 2809 παρῆγον
1026 2731 1084 2789 ἐς
1118 2725 1298 2803 μέσον
1322 2725 1494 2790 πέδας
1516 2751 1579 2787 τε
1605 2726 1856 2798 ελκοντα,

250 2816 349 2875 καὶ
378 2815 579 2895 ῥάκεσι
615 2815 946 2893 ἐσθημένον
1013 2814 1302 2879 Σταθέντα
1335 2813 1431 2873 δε
1432 2819 1488 2877 ἐς
1521 2815 1717 2891 μέσον,
1747 2818 1815 2874 εἰ·
1839 2814 1954 2875 130

246 2902 406 2982 ρώτα
444 2903 478 2965 ὁ
519 2904 760 2982 Δαρεῖος
792 2902 898 2979 τὴν
926 2903 1132 2982 τέχνην
1168 2927 1216 2962 ει
1247 2902 1557 2974 ἐπίσταιτο·
1599 2901 1631 2963 ὁ
1672 2901 1719 2961 δ
1757 2927 1857 2962 ουκ

246 2992 567 3064 ὑπεδέκετο,
594 2992 879 3071 ἀρρωδέων
896 2991 977 3068 μὴ
1004 2988 1207 3049 ἐωυτόν
1231 2989 1478 3068 ἐκφῃνας
1501 2990 1568 3049 τὸ
1594 2988 1860 3066 παράπαν
1893 3068 1899 3075 .

245 3083 355 3157 τῆς
403 3080 688 3145 Ἑλλάδος
727 3079 767 3160 ᾗ
820 3077 1286 3155 ἀπεστερημένος·
1352 3076 1636 3154 κατεφάνη
1679 3077 1740 3138 δὲ
1782 3080 1862 3156 τῷ

251 3169 477 3249 Δαρείῳ
502 3169 804 3248 τεχνάζειν,
833 3164 1221 3243 ἐπιστάμενος·
1264 3164 1355 3224 καὶ
1379 3164 1510 3227 τούς
1549 3163 1861 3246 ἀγαγόντας

248 3255 426 3318 οὔτᾶν
458 3257 722 3316 ἐκέλευσε
762 3252 1044 3332 μάστιγάς
1071 3276 1138 3312 τε
1172 3252 1266 3312 καὶ
1292 3252 1491 3328 κέντρα
1515 3251 1862 3329 παραφέρειν
